%YAML 1.1
%TAG !u! tag:unity3d.com,2011:
--- !u!1 &7220342390044881511
GameObject:
  m_ObjectHideFlags: 0
  m_CorrespondingSourceObject: {fileID: 0}
  m_PrefabInstance: {fileID: 0}
  m_PrefabAsset: {fileID: 0}
  serializedVersion: 6
  m_Component:
  - component: {fileID: 7220342390044881508}
  - component: {fileID: 7220342390044881819}
  - component: {fileID: 7220342390044881818}
  - component: {fileID: 7220342390044881509}
  - component: {fileID: 4151153275972898012}
  m_Layer: 5
  m_Name: Row1
  m_TagString: Untagged
  m_Icon: {fileID: 0}
  m_NavMeshLayer: 0
  m_StaticEditorFlags: 0
  m_IsActive: 1
--- !u!224 &7220342390044881508
RectTransform:
  m_ObjectHideFlags: 0
  m_CorrespondingSourceObject: {fileID: 0}
  m_PrefabInstance: {fileID: 0}
  m_PrefabAsset: {fileID: 0}
  m_GameObject: {fileID: 7220342390044881511}
  m_LocalRotation: {x: 0, y: 0, z: 0, w: 1}
  m_LocalPosition: {x: 0, y: 0, z: 0}
  m_LocalScale: {x: 1, y: 1, z: 1}
  m_Children:
  - {fileID: 7220342391107214615}
  - {fileID: 6502019839924938660}
  - {fileID: 2955893842555950602}
  - {fileID: 4613534532440326074}
  - {fileID: 5722574325047660087}
  - {fileID: 4423318387239766274}
  - {fileID: 714958872295681898}
  - {fileID: 8906910304501596811}
  - {fileID: 9218777007882357672}
  - {fileID: 7518845439036966485}
  - {fileID: 2626520653396514603}
  - {fileID: 6506054890783498905}
  - {fileID: 6668685767406592178}
  - {fileID: 4264364334086266890}
  m_Father: {fileID: 0}
  m_RootOrder: 0
  m_LocalEulerAnglesHint: {x: 0, y: 0, z: 0}
  m_AnchorMin: {x: 0, y: 0}
  m_AnchorMax: {x: 0, y: 0}
  m_AnchoredPosition: {x: 0, y: 0}
  m_SizeDelta: {x: 0, y: 0}
  m_Pivot: {x: 0.5, y: 0.5}
--- !u!222 &7220342390044881819
CanvasRenderer:
  m_ObjectHideFlags: 0
  m_CorrespondingSourceObject: {fileID: 0}
  m_PrefabInstance: {fileID: 0}
  m_PrefabAsset: {fileID: 0}
  m_GameObject: {fileID: 7220342390044881511}
  m_CullTransparentMesh: 1
--- !u!114 &7220342390044881818
MonoBehaviour:
  m_ObjectHideFlags: 0
  m_CorrespondingSourceObject: {fileID: 0}
  m_PrefabInstance: {fileID: 0}
  m_PrefabAsset: {fileID: 0}
  m_GameObject: {fileID: 7220342390044881511}
  m_Enabled: 1
  m_EditorHideFlags: 0
  m_Script: {fileID: 11500000, guid: fe87c0e1cc204ed48ad3b37840f39efc, type: 3}
  m_Name: 
  m_EditorClassIdentifier: 
  m_Material: {fileID: 0}
  m_Color: {r: 1, g: 1, b: 1, a: 0.392}
  m_RaycastTarget: 1
  m_RaycastPadding: {x: 0, y: 0, z: 0, w: 0}
  m_Maskable: 1
  m_OnCullStateChanged:
    m_PersistentCalls:
      m_Calls: []
  m_Sprite: {fileID: 10907, guid: 0000000000000000f000000000000000, type: 0}
  m_Type: 1
  m_PreserveAspect: 0
  m_FillCenter: 1
  m_FillMethod: 4
  m_FillAmount: 1
  m_FillClockwise: 1
  m_FillOrigin: 0
  m_UseSpriteMesh: 0
  m_PixelsPerUnitMultiplier: 1
--- !u!114 &7220342390044881509
MonoBehaviour:
  m_ObjectHideFlags: 0
  m_CorrespondingSourceObject: {fileID: 0}
  m_PrefabInstance: {fileID: 0}
  m_PrefabAsset: {fileID: 0}
  m_GameObject: {fileID: 7220342390044881511}
  m_Enabled: 1
  m_EditorHideFlags: 0
  m_Script: {fileID: 11500000, guid: 59f8146938fff824cb5fd77236b75775, type: 3}
  m_Name: 
  m_EditorClassIdentifier: 
  m_Padding:
    m_Left: 40
    m_Right: 40
    m_Top: 40
    m_Bottom: -200
  m_ChildAlignment: 1
  m_Spacing: 20
  m_ChildForceExpandWidth: 1
  m_ChildForceExpandHeight: 1
  m_ChildControlWidth: 1
  m_ChildControlHeight: 0
  m_ChildScaleWidth: 0
  m_ChildScaleHeight: 0
  m_ReverseArrangement: 0
--- !u!114 &4151153275972898012
MonoBehaviour:
  m_ObjectHideFlags: 0
  m_CorrespondingSourceObject: {fileID: 0}
  m_PrefabInstance: {fileID: 0}
  m_PrefabAsset: {fileID: 0}
  m_GameObject: {fileID: 7220342390044881511}
  m_Enabled: 1
  m_EditorHideFlags: 0
  m_Script: {fileID: 11500000, guid: 3eda113aed3a89f4b981f6dfd7e49627, type: 3}
  m_Name: 
  m_EditorClassIdentifier: 
  <SlotViews>k__BackingField:
  - {fileID: 8908754816389793633}
  - {fileID: 5019929120584351186}
  - {fileID: 3933049444510649468}
  - {fileID: 6888008647604921804}
  - {fileID: 5835298901571769409}
  - {fileID: 2518434456213410676}
  - {fileID: 1620597840040932636}
  - {fileID: 7208642131974461693}
  - {fileID: 6953033014771765726}
  - {fileID: 8631641813692210211}
  - {fileID: 4315232352192695645}
  - {fileID: 5033801844598700271}
  - {fileID: 4835282942826396356}
  - {fileID: 2648009571538025084}
  YposToLerp: -962
  ease: 19
--- !u!1001 &481852300664364112
PrefabInstance:
  m_ObjectHideFlags: 0
  serializedVersion: 2
  m_Modification:
    m_TransformParent: {fileID: 7220342390044881508}
    m_Modifications:
    - target: {fileID: 1099979277295645497, guid: 5f08d03c4a2df9842915294b98b12433, type: 3}
      propertyPath: m_Type
      value: 0
      objectReference: {fileID: 0}
    - target: {fileID: 1099979277295645497, guid: 5f08d03c4a2df9842915294b98b12433, type: 3}
      propertyPath: m_Sprite
      value: 
      objectReference: {fileID: 10907, guid: 0000000000000000f000000000000000, type: 0}
    - target: {fileID: 1099979277295645497, guid: 5f08d03c4a2df9842915294b98b12433, type: 3}
      propertyPath: m_Maskable
      value: 1
      objectReference: {fileID: 0}
    - target: {fileID: 1099979277295645497, guid: 5f08d03c4a2df9842915294b98b12433, type: 3}
      propertyPath: m_RaycastTarget
      value: 0
      objectReference: {fileID: 0}
    - target: {fileID: 1099979277295645497, guid: 5f08d03c4a2df9842915294b98b12433, type: 3}
      propertyPath: m_PreserveAspect
      value: 1
      objectReference: {fileID: 0}
    - target: {fileID: 1099979277295645498, guid: 5f08d03c4a2df9842915294b98b12433, type: 3}
      propertyPath: m_Pivot.x
      value: 0.5
      objectReference: {fileID: 0}
    - target: {fileID: 1099979277295645498, guid: 5f08d03c4a2df9842915294b98b12433, type: 3}
      propertyPath: m_Pivot.y
      value: 0.5
      objectReference: {fileID: 0}
    - target: {fileID: 1099979277295645498, guid: 5f08d03c4a2df9842915294b98b12433, type: 3}
      propertyPath: m_RootOrder
      value: 6
      objectReference: {fileID: 0}
    - target: {fileID: 1099979277295645498, guid: 5f08d03c4a2df9842915294b98b12433, type: 3}
      propertyPath: m_AnchorMax.x
      value: 0
      objectReference: {fileID: 0}
    - target: {fileID: 1099979277295645498, guid: 5f08d03c4a2df9842915294b98b12433, type: 3}
      propertyPath: m_AnchorMax.y
      value: 0
      objectReference: {fileID: 0}
    - target: {fileID: 1099979277295645498, guid: 5f08d03c4a2df9842915294b98b12433, type: 3}
      propertyPath: m_AnchorMin.x
      value: 0
      objectReference: {fileID: 0}
    - target: {fileID: 1099979277295645498, guid: 5f08d03c4a2df9842915294b98b12433, type: 3}
      propertyPath: m_AnchorMin.y
      value: 0
      objectReference: {fileID: 0}
    - target: {fileID: 1099979277295645498, guid: 5f08d03c4a2df9842915294b98b12433, type: 3}
      propertyPath: m_SizeDelta.x
      value: 0
      objectReference: {fileID: 0}
    - target: {fileID: 1099979277295645498, guid: 5f08d03c4a2df9842915294b98b12433, type: 3}
      propertyPath: m_SizeDelta.y
      value: 220
      objectReference: {fileID: 0}
    - target: {fileID: 1099979277295645498, guid: 5f08d03c4a2df9842915294b98b12433, type: 3}
      propertyPath: m_LocalPosition.x
      value: 0
      objectReference: {fileID: 0}
    - target: {fileID: 1099979277295645498, guid: 5f08d03c4a2df9842915294b98b12433, type: 3}
      propertyPath: m_LocalPosition.y
      value: 0
      objectReference: {fileID: 0}
    - target: {fileID: 1099979277295645498, guid: 5f08d03c4a2df9842915294b98b12433, type: 3}
      propertyPath: m_LocalPosition.z
      value: 0
      objectReference: {fileID: 0}
    - target: {fileID: 1099979277295645498, guid: 5f08d03c4a2df9842915294b98b12433, type: 3}
      propertyPath: m_LocalRotation.w
      value: 1
      objectReference: {fileID: 0}
    - target: {fileID: 1099979277295645498, guid: 5f08d03c4a2df9842915294b98b12433, type: 3}
      propertyPath: m_LocalRotation.x
      value: -0
      objectReference: {fileID: 0}
    - target: {fileID: 1099979277295645498, guid: 5f08d03c4a2df9842915294b98b12433, type: 3}
      propertyPath: m_LocalRotation.y
      value: -0
      objectReference: {fileID: 0}
    - target: {fileID: 1099979277295645498, guid: 5f08d03c4a2df9842915294b98b12433, type: 3}
      propertyPath: m_LocalRotation.z
      value: -0
      objectReference: {fileID: 0}
    - target: {fileID: 1099979277295645498, guid: 5f08d03c4a2df9842915294b98b12433, type: 3}
      propertyPath: m_AnchoredPosition.x
      value: 0
      objectReference: {fileID: 0}
    - target: {fileID: 1099979277295645498, guid: 5f08d03c4a2df9842915294b98b12433, type: 3}
      propertyPath: m_AnchoredPosition.y
      value: 0
      objectReference: {fileID: 0}
    - target: {fileID: 1099979277295645498, guid: 5f08d03c4a2df9842915294b98b12433, type: 3}
      propertyPath: m_LocalEulerAnglesHint.x
      value: 0
      objectReference: {fileID: 0}
    - target: {fileID: 1099979277295645498, guid: 5f08d03c4a2df9842915294b98b12433, type: 3}
      propertyPath: m_LocalEulerAnglesHint.y
      value: 0
      objectReference: {fileID: 0}
    - target: {fileID: 1099979277295645498, guid: 5f08d03c4a2df9842915294b98b12433, type: 3}
      propertyPath: m_LocalEulerAnglesHint.z
      value: 0
      objectReference: {fileID: 0}
    - target: {fileID: 1099979277295645499, guid: 5f08d03c4a2df9842915294b98b12433, type: 3}
      propertyPath: m_Name
      value: Slot (6)
      objectReference: {fileID: 0}
    m_RemovedComponents: []
  m_SourcePrefab: {fileID: 100100000, guid: 5f08d03c4a2df9842915294b98b12433, type: 3}
--- !u!224 &714958872295681898 stripped
RectTransform:
  m_CorrespondingSourceObject: {fileID: 1099979277295645498, guid: 5f08d03c4a2df9842915294b98b12433, type: 3}
  m_PrefabInstance: {fileID: 481852300664364112}
  m_PrefabAsset: {fileID: 0}
--- !u!114 &1620597840040932636 stripped
MonoBehaviour:
  m_CorrespondingSourceObject: {fileID: 1212144754899970380, guid: 5f08d03c4a2df9842915294b98b12433, type: 3}
  m_PrefabInstance: {fileID: 481852300664364112}
  m_PrefabAsset: {fileID: 0}
  m_GameObject: {fileID: 0}
  m_Enabled: 1
  m_EditorHideFlags: 0
  m_Script: {fileID: 11500000, guid: 2d0f765759b3b6a409c9428e61e670e7, type: 3}
  m_Name: 
  m_EditorClassIdentifier: 
--- !u!1001 &2758059612429133104
PrefabInstance:
  m_ObjectHideFlags: 0
  serializedVersion: 2
  m_Modification:
    m_TransformParent: {fileID: 7220342390044881508}
    m_Modifications:
    - target: {fileID: 1099979277295645497, guid: 5f08d03c4a2df9842915294b98b12433, type: 3}
      propertyPath: m_Type
      value: 0
      objectReference: {fileID: 0}
    - target: {fileID: 1099979277295645497, guid: 5f08d03c4a2df9842915294b98b12433, type: 3}
      propertyPath: m_Sprite
      value: 
      objectReference: {fileID: 10907, guid: 0000000000000000f000000000000000, type: 0}
    - target: {fileID: 1099979277295645497, guid: 5f08d03c4a2df9842915294b98b12433, type: 3}
      propertyPath: m_Maskable
      value: 1
      objectReference: {fileID: 0}
    - target: {fileID: 1099979277295645497, guid: 5f08d03c4a2df9842915294b98b12433, type: 3}
      propertyPath: m_RaycastTarget
      value: 0
      objectReference: {fileID: 0}
    - target: {fileID: 1099979277295645497, guid: 5f08d03c4a2df9842915294b98b12433, type: 3}
      propertyPath: m_PreserveAspect
      value: 1
      objectReference: {fileID: 0}
    - target: {fileID: 1099979277295645498, guid: 5f08d03c4a2df9842915294b98b12433, type: 3}
      propertyPath: m_Pivot.x
      value: 0.5
      objectReference: {fileID: 0}
    - target: {fileID: 1099979277295645498, guid: 5f08d03c4a2df9842915294b98b12433, type: 3}
      propertyPath: m_Pivot.y
      value: 0.5
      objectReference: {fileID: 0}
    - target: {fileID: 1099979277295645498, guid: 5f08d03c4a2df9842915294b98b12433, type: 3}
      propertyPath: m_RootOrder
      value: 2
      objectReference: {fileID: 0}
    - target: {fileID: 1099979277295645498, guid: 5f08d03c4a2df9842915294b98b12433, type: 3}
      propertyPath: m_AnchorMax.x
      value: 0
      objectReference: {fileID: 0}
    - target: {fileID: 1099979277295645498, guid: 5f08d03c4a2df9842915294b98b12433, type: 3}
      propertyPath: m_AnchorMax.y
      value: 0
      objectReference: {fileID: 0}
    - target: {fileID: 1099979277295645498, guid: 5f08d03c4a2df9842915294b98b12433, type: 3}
      propertyPath: m_AnchorMin.x
      value: 0
      objectReference: {fileID: 0}
    - target: {fileID: 1099979277295645498, guid: 5f08d03c4a2df9842915294b98b12433, type: 3}
      propertyPath: m_AnchorMin.y
      value: 0
      objectReference: {fileID: 0}
    - target: {fileID: 1099979277295645498, guid: 5f08d03c4a2df9842915294b98b12433, type: 3}
      propertyPath: m_SizeDelta.x
      value: 0
      objectReference: {fileID: 0}
    - target: {fileID: 1099979277295645498, guid: 5f08d03c4a2df9842915294b98b12433, type: 3}
      propertyPath: m_SizeDelta.y
      value: 220
      objectReference: {fileID: 0}
    - target: {fileID: 1099979277295645498, guid: 5f08d03c4a2df9842915294b98b12433, type: 3}
      propertyPath: m_LocalPosition.x
      value: 0
      objectReference: {fileID: 0}
    - target: {fileID: 1099979277295645498, guid: 5f08d03c4a2df9842915294b98b12433, type: 3}
      propertyPath: m_LocalPosition.y
      value: 0
      objectReference: {fileID: 0}
    - target: {fileID: 1099979277295645498, guid: 5f08d03c4a2df9842915294b98b12433, type: 3}
      propertyPath: m_LocalPosition.z
      value: 0
      objectReference: {fileID: 0}
    - target: {fileID: 1099979277295645498, guid: 5f08d03c4a2df9842915294b98b12433, type: 3}
      propertyPath: m_LocalRotation.w
      value: 1
      objectReference: {fileID: 0}
    - target: {fileID: 1099979277295645498, guid: 5f08d03c4a2df9842915294b98b12433, type: 3}
      propertyPath: m_LocalRotation.x
      value: -0
      objectReference: {fileID: 0}
    - target: {fileID: 1099979277295645498, guid: 5f08d03c4a2df9842915294b98b12433, type: 3}
      propertyPath: m_LocalRotation.y
      value: -0
      objectReference: {fileID: 0}
    - target: {fileID: 1099979277295645498, guid: 5f08d03c4a2df9842915294b98b12433, type: 3}
      propertyPath: m_LocalRotation.z
      value: -0
      objectReference: {fileID: 0}
    - target: {fileID: 1099979277295645498, guid: 5f08d03c4a2df9842915294b98b12433, type: 3}
      propertyPath: m_AnchoredPosition.x
      value: 0
      objectReference: {fileID: 0}
    - target: {fileID: 1099979277295645498, guid: 5f08d03c4a2df9842915294b98b12433, type: 3}
      propertyPath: m_AnchoredPosition.y
      value: 0
      objectReference: {fileID: 0}
    - target: {fileID: 1099979277295645498, guid: 5f08d03c4a2df9842915294b98b12433, type: 3}
      propertyPath: m_LocalEulerAnglesHint.x
      value: 0
      objectReference: {fileID: 0}
    - target: {fileID: 1099979277295645498, guid: 5f08d03c4a2df9842915294b98b12433, type: 3}
      propertyPath: m_LocalEulerAnglesHint.y
      value: 0
      objectReference: {fileID: 0}
    - target: {fileID: 1099979277295645498, guid: 5f08d03c4a2df9842915294b98b12433, type: 3}
      propertyPath: m_LocalEulerAnglesHint.z
      value: 0
      objectReference: {fileID: 0}
    - target: {fileID: 1099979277295645499, guid: 5f08d03c4a2df9842915294b98b12433, type: 3}
      propertyPath: m_Name
      value: Slot (2)
      objectReference: {fileID: 0}
    m_RemovedComponents: []
  m_SourcePrefab: {fileID: 100100000, guid: 5f08d03c4a2df9842915294b98b12433, type: 3}
--- !u!224 &2955893842555950602 stripped
RectTransform:
  m_CorrespondingSourceObject: {fileID: 1099979277295645498, guid: 5f08d03c4a2df9842915294b98b12433, type: 3}
  m_PrefabInstance: {fileID: 2758059612429133104}
  m_PrefabAsset: {fileID: 0}
--- !u!114 &3933049444510649468 stripped
MonoBehaviour:
  m_CorrespondingSourceObject: {fileID: 1212144754899970380, guid: 5f08d03c4a2df9842915294b98b12433, type: 3}
  m_PrefabInstance: {fileID: 2758059612429133104}
  m_PrefabAsset: {fileID: 0}
  m_GameObject: {fileID: 0}
  m_Enabled: 1
  m_EditorHideFlags: 0
  m_Script: {fileID: 11500000, guid: 2d0f765759b3b6a409c9428e61e670e7, type: 3}
  m_Name: 
  m_EditorClassIdentifier: 
--- !u!1001 &3112180639388034065
PrefabInstance:
  m_ObjectHideFlags: 0
  serializedVersion: 2
  m_Modification:
    m_TransformParent: {fileID: 7220342390044881508}
    m_Modifications:
    - target: {fileID: 1099979277295645497, guid: 5f08d03c4a2df9842915294b98b12433, type: 3}
      propertyPath: m_Type
      value: 0
      objectReference: {fileID: 0}
    - target: {fileID: 1099979277295645497, guid: 5f08d03c4a2df9842915294b98b12433, type: 3}
      propertyPath: m_Sprite
      value: 
      objectReference: {fileID: 10907, guid: 0000000000000000f000000000000000, type: 0}
    - target: {fileID: 1099979277295645497, guid: 5f08d03c4a2df9842915294b98b12433, type: 3}
      propertyPath: m_Maskable
      value: 1
      objectReference: {fileID: 0}
    - target: {fileID: 1099979277295645497, guid: 5f08d03c4a2df9842915294b98b12433, type: 3}
      propertyPath: m_RaycastTarget
      value: 0
      objectReference: {fileID: 0}
    - target: {fileID: 1099979277295645497, guid: 5f08d03c4a2df9842915294b98b12433, type: 3}
      propertyPath: m_PreserveAspect
      value: 1
      objectReference: {fileID: 0}
    - target: {fileID: 1099979277295645498, guid: 5f08d03c4a2df9842915294b98b12433, type: 3}
      propertyPath: m_Pivot.x
      value: 0.5
      objectReference: {fileID: 0}
    - target: {fileID: 1099979277295645498, guid: 5f08d03c4a2df9842915294b98b12433, type: 3}
      propertyPath: m_Pivot.y
      value: 0.5
      objectReference: {fileID: 0}
    - target: {fileID: 1099979277295645498, guid: 5f08d03c4a2df9842915294b98b12433, type: 3}
      propertyPath: m_RootOrder
      value: 10
      objectReference: {fileID: 0}
    - target: {fileID: 1099979277295645498, guid: 5f08d03c4a2df9842915294b98b12433, type: 3}
      propertyPath: m_AnchorMax.x
      value: 0
      objectReference: {fileID: 0}
    - target: {fileID: 1099979277295645498, guid: 5f08d03c4a2df9842915294b98b12433, type: 3}
      propertyPath: m_AnchorMax.y
      value: 0
      objectReference: {fileID: 0}
    - target: {fileID: 1099979277295645498, guid: 5f08d03c4a2df9842915294b98b12433, type: 3}
      propertyPath: m_AnchorMin.x
      value: 0
      objectReference: {fileID: 0}
    - target: {fileID: 1099979277295645498, guid: 5f08d03c4a2df9842915294b98b12433, type: 3}
      propertyPath: m_AnchorMin.y
      value: 0
      objectReference: {fileID: 0}
    - target: {fileID: 1099979277295645498, guid: 5f08d03c4a2df9842915294b98b12433, type: 3}
      propertyPath: m_SizeDelta.x
      value: 0
      objectReference: {fileID: 0}
    - target: {fileID: 1099979277295645498, guid: 5f08d03c4a2df9842915294b98b12433, type: 3}
      propertyPath: m_SizeDelta.y
      value: 220
      objectReference: {fileID: 0}
    - target: {fileID: 1099979277295645498, guid: 5f08d03c4a2df9842915294b98b12433, type: 3}
      propertyPath: m_LocalPosition.x
      value: 0
      objectReference: {fileID: 0}
    - target: {fileID: 1099979277295645498, guid: 5f08d03c4a2df9842915294b98b12433, type: 3}
      propertyPath: m_LocalPosition.y
      value: 0
      objectReference: {fileID: 0}
    - target: {fileID: 1099979277295645498, guid: 5f08d03c4a2df9842915294b98b12433, type: 3}
      propertyPath: m_LocalPosition.z
      value: 0
      objectReference: {fileID: 0}
    - target: {fileID: 1099979277295645498, guid: 5f08d03c4a2df9842915294b98b12433, type: 3}
      propertyPath: m_LocalRotation.w
      value: 1
      objectReference: {fileID: 0}
    - target: {fileID: 1099979277295645498, guid: 5f08d03c4a2df9842915294b98b12433, type: 3}
      propertyPath: m_LocalRotation.x
      value: -0
      objectReference: {fileID: 0}
    - target: {fileID: 1099979277295645498, guid: 5f08d03c4a2df9842915294b98b12433, type: 3}
      propertyPath: m_LocalRotation.y
      value: -0
      objectReference: {fileID: 0}
    - target: {fileID: 1099979277295645498, guid: 5f08d03c4a2df9842915294b98b12433, type: 3}
      propertyPath: m_LocalRotation.z
      value: -0
      objectReference: {fileID: 0}
    - target: {fileID: 1099979277295645498, guid: 5f08d03c4a2df9842915294b98b12433, type: 3}
      propertyPath: m_AnchoredPosition.x
      value: 0
      objectReference: {fileID: 0}
    - target: {fileID: 1099979277295645498, guid: 5f08d03c4a2df9842915294b98b12433, type: 3}
      propertyPath: m_AnchoredPosition.y
      value: 0
      objectReference: {fileID: 0}
    - target: {fileID: 1099979277295645498, guid: 5f08d03c4a2df9842915294b98b12433, type: 3}
      propertyPath: m_LocalEulerAnglesHint.x
      value: 0
      objectReference: {fileID: 0}
    - target: {fileID: 1099979277295645498, guid: 5f08d03c4a2df9842915294b98b12433, type: 3}
      propertyPath: m_LocalEulerAnglesHint.y
      value: 0
      objectReference: {fileID: 0}
    - target: {fileID: 1099979277295645498, guid: 5f08d03c4a2df9842915294b98b12433, type: 3}
      propertyPath: m_LocalEulerAnglesHint.z
      value: 0
      objectReference: {fileID: 0}
    - target: {fileID: 1099979277295645499, guid: 5f08d03c4a2df9842915294b98b12433, type: 3}
      propertyPath: m_Name
      value: Slot (10)
      objectReference: {fileID: 0}
    m_RemovedComponents: []
  m_SourcePrefab: {fileID: 100100000, guid: 5f08d03c4a2df9842915294b98b12433, type: 3}
--- !u!114 &4315232352192695645 stripped
MonoBehaviour:
  m_CorrespondingSourceObject: {fileID: 1212144754899970380, guid: 5f08d03c4a2df9842915294b98b12433, type: 3}
  m_PrefabInstance: {fileID: 3112180639388034065}
  m_PrefabAsset: {fileID: 0}
  m_GameObject: {fileID: 0}
  m_Enabled: 1
  m_EditorHideFlags: 0
  m_Script: {fileID: 11500000, guid: 2d0f765759b3b6a409c9428e61e670e7, type: 3}
  m_Name: 
  m_EditorClassIdentifier: 
--- !u!224 &2626520653396514603 stripped
RectTransform:
  m_CorrespondingSourceObject: {fileID: 1099979277295645498, guid: 5f08d03c4a2df9842915294b98b12433, type: 3}
  m_PrefabInstance: {fileID: 3112180639388034065}
  m_PrefabAsset: {fileID: 0}
--- !u!1001 &3612205691015412280
PrefabInstance:
  m_ObjectHideFlags: 0
  serializedVersion: 2
  m_Modification:
    m_TransformParent: {fileID: 7220342390044881508}
    m_Modifications:
    - target: {fileID: 1099979277295645497, guid: 5f08d03c4a2df9842915294b98b12433, type: 3}
      propertyPath: m_Type
      value: 0
      objectReference: {fileID: 0}
    - target: {fileID: 1099979277295645497, guid: 5f08d03c4a2df9842915294b98b12433, type: 3}
      propertyPath: m_Sprite
      value: 
      objectReference: {fileID: 10907, guid: 0000000000000000f000000000000000, type: 0}
    - target: {fileID: 1099979277295645497, guid: 5f08d03c4a2df9842915294b98b12433, type: 3}
      propertyPath: m_Maskable
      value: 1
      objectReference: {fileID: 0}
    - target: {fileID: 1099979277295645497, guid: 5f08d03c4a2df9842915294b98b12433, type: 3}
      propertyPath: m_RaycastTarget
      value: 0
      objectReference: {fileID: 0}
    - target: {fileID: 1099979277295645497, guid: 5f08d03c4a2df9842915294b98b12433, type: 3}
      propertyPath: m_PreserveAspect
      value: 1
      objectReference: {fileID: 0}
    - target: {fileID: 1099979277295645498, guid: 5f08d03c4a2df9842915294b98b12433, type: 3}
      propertyPath: m_Pivot.x
      value: 0.5
      objectReference: {fileID: 0}
    - target: {fileID: 1099979277295645498, guid: 5f08d03c4a2df9842915294b98b12433, type: 3}
      propertyPath: m_Pivot.y
      value: 0.5
      objectReference: {fileID: 0}
    - target: {fileID: 1099979277295645498, guid: 5f08d03c4a2df9842915294b98b12433, type: 3}
      propertyPath: m_RootOrder
      value: 5
      objectReference: {fileID: 0}
    - target: {fileID: 1099979277295645498, guid: 5f08d03c4a2df9842915294b98b12433, type: 3}
      propertyPath: m_AnchorMax.x
      value: 0
      objectReference: {fileID: 0}
    - target: {fileID: 1099979277295645498, guid: 5f08d03c4a2df9842915294b98b12433, type: 3}
      propertyPath: m_AnchorMax.y
      value: 0
      objectReference: {fileID: 0}
    - target: {fileID: 1099979277295645498, guid: 5f08d03c4a2df9842915294b98b12433, type: 3}
      propertyPath: m_AnchorMin.x
      value: 0
      objectReference: {fileID: 0}
    - target: {fileID: 1099979277295645498, guid: 5f08d03c4a2df9842915294b98b12433, type: 3}
      propertyPath: m_AnchorMin.y
      value: 0
      objectReference: {fileID: 0}
    - target: {fileID: 1099979277295645498, guid: 5f08d03c4a2df9842915294b98b12433, type: 3}
      propertyPath: m_SizeDelta.x
      value: 0
      objectReference: {fileID: 0}
    - target: {fileID: 1099979277295645498, guid: 5f08d03c4a2df9842915294b98b12433, type: 3}
      propertyPath: m_SizeDelta.y
      value: 220
      objectReference: {fileID: 0}
    - target: {fileID: 1099979277295645498, guid: 5f08d03c4a2df9842915294b98b12433, type: 3}
      propertyPath: m_LocalPosition.x
      value: 0
      objectReference: {fileID: 0}
    - target: {fileID: 1099979277295645498, guid: 5f08d03c4a2df9842915294b98b12433, type: 3}
      propertyPath: m_LocalPosition.y
      value: 0
      objectReference: {fileID: 0}
    - target: {fileID: 1099979277295645498, guid: 5f08d03c4a2df9842915294b98b12433, type: 3}
      propertyPath: m_LocalPosition.z
      value: 0
      objectReference: {fileID: 0}
    - target: {fileID: 1099979277295645498, guid: 5f08d03c4a2df9842915294b98b12433, type: 3}
      propertyPath: m_LocalRotation.w
      value: 1
      objectReference: {fileID: 0}
    - target: {fileID: 1099979277295645498, guid: 5f08d03c4a2df9842915294b98b12433, type: 3}
      propertyPath: m_LocalRotation.x
      value: -0
      objectReference: {fileID: 0}
    - target: {fileID: 1099979277295645498, guid: 5f08d03c4a2df9842915294b98b12433, type: 3}
      propertyPath: m_LocalRotation.y
      value: -0
      objectReference: {fileID: 0}
    - target: {fileID: 1099979277295645498, guid: 5f08d03c4a2df9842915294b98b12433, type: 3}
      propertyPath: m_LocalRotation.z
      value: -0
      objectReference: {fileID: 0}
    - target: {fileID: 1099979277295645498, guid: 5f08d03c4a2df9842915294b98b12433, type: 3}
      propertyPath: m_AnchoredPosition.x
      value: 0
      objectReference: {fileID: 0}
    - target: {fileID: 1099979277295645498, guid: 5f08d03c4a2df9842915294b98b12433, type: 3}
      propertyPath: m_AnchoredPosition.y
      value: 0
      objectReference: {fileID: 0}
    - target: {fileID: 1099979277295645498, guid: 5f08d03c4a2df9842915294b98b12433, type: 3}
      propertyPath: m_LocalEulerAnglesHint.x
      value: 0
      objectReference: {fileID: 0}
    - target: {fileID: 1099979277295645498, guid: 5f08d03c4a2df9842915294b98b12433, type: 3}
      propertyPath: m_LocalEulerAnglesHint.y
      value: 0
      objectReference: {fileID: 0}
    - target: {fileID: 1099979277295645498, guid: 5f08d03c4a2df9842915294b98b12433, type: 3}
      propertyPath: m_LocalEulerAnglesHint.z
      value: 0
      objectReference: {fileID: 0}
    - target: {fileID: 1099979277295645499, guid: 5f08d03c4a2df9842915294b98b12433, type: 3}
      propertyPath: m_Name
      value: Slot (5)
      objectReference: {fileID: 0}
    m_RemovedComponents: []
  m_SourcePrefab: {fileID: 100100000, guid: 5f08d03c4a2df9842915294b98b12433, type: 3}
--- !u!224 &4423318387239766274 stripped
RectTransform:
  m_CorrespondingSourceObject: {fileID: 1099979277295645498, guid: 5f08d03c4a2df9842915294b98b12433, type: 3}
  m_PrefabInstance: {fileID: 3612205691015412280}
  m_PrefabAsset: {fileID: 0}
--- !u!114 &2518434456213410676 stripped
MonoBehaviour:
  m_CorrespondingSourceObject: {fileID: 1212144754899970380, guid: 5f08d03c4a2df9842915294b98b12433, type: 3}
  m_PrefabInstance: {fileID: 3612205691015412280}
  m_PrefabAsset: {fileID: 0}
  m_GameObject: {fileID: 0}
  m_Enabled: 1
  m_EditorHideFlags: 0
  m_Script: {fileID: 11500000, guid: 2d0f765759b3b6a409c9428e61e670e7, type: 3}
  m_Name: 
  m_EditorClassIdentifier: 
--- !u!1001 &3777950091742139184
PrefabInstance:
  m_ObjectHideFlags: 0
  serializedVersion: 2
  m_Modification:
    m_TransformParent: {fileID: 7220342390044881508}
    m_Modifications:
    - target: {fileID: 1099979277295645497, guid: 5f08d03c4a2df9842915294b98b12433, type: 3}
      propertyPath: m_Type
      value: 0
      objectReference: {fileID: 0}
    - target: {fileID: 1099979277295645497, guid: 5f08d03c4a2df9842915294b98b12433, type: 3}
      propertyPath: m_Sprite
      value: 
      objectReference: {fileID: 10907, guid: 0000000000000000f000000000000000, type: 0}
    - target: {fileID: 1099979277295645497, guid: 5f08d03c4a2df9842915294b98b12433, type: 3}
      propertyPath: m_Maskable
      value: 1
      objectReference: {fileID: 0}
    - target: {fileID: 1099979277295645497, guid: 5f08d03c4a2df9842915294b98b12433, type: 3}
      propertyPath: m_RaycastTarget
      value: 0
      objectReference: {fileID: 0}
    - target: {fileID: 1099979277295645497, guid: 5f08d03c4a2df9842915294b98b12433, type: 3}
      propertyPath: m_PreserveAspect
      value: 1
      objectReference: {fileID: 0}
    - target: {fileID: 1099979277295645498, guid: 5f08d03c4a2df9842915294b98b12433, type: 3}
      propertyPath: m_Pivot.x
      value: 0.5
      objectReference: {fileID: 0}
    - target: {fileID: 1099979277295645498, guid: 5f08d03c4a2df9842915294b98b12433, type: 3}
      propertyPath: m_Pivot.y
      value: 0.5
      objectReference: {fileID: 0}
    - target: {fileID: 1099979277295645498, guid: 5f08d03c4a2df9842915294b98b12433, type: 3}
      propertyPath: m_RootOrder
      value: 13
      objectReference: {fileID: 0}
    - target: {fileID: 1099979277295645498, guid: 5f08d03c4a2df9842915294b98b12433, type: 3}
      propertyPath: m_AnchorMax.x
      value: 0
      objectReference: {fileID: 0}
    - target: {fileID: 1099979277295645498, guid: 5f08d03c4a2df9842915294b98b12433, type: 3}
      propertyPath: m_AnchorMax.y
      value: 0
      objectReference: {fileID: 0}
    - target: {fileID: 1099979277295645498, guid: 5f08d03c4a2df9842915294b98b12433, type: 3}
      propertyPath: m_AnchorMin.x
      value: 0
      objectReference: {fileID: 0}
    - target: {fileID: 1099979277295645498, guid: 5f08d03c4a2df9842915294b98b12433, type: 3}
      propertyPath: m_AnchorMin.y
      value: 0
      objectReference: {fileID: 0}
    - target: {fileID: 1099979277295645498, guid: 5f08d03c4a2df9842915294b98b12433, type: 3}
      propertyPath: m_SizeDelta.x
      value: 0
      objectReference: {fileID: 0}
    - target: {fileID: 1099979277295645498, guid: 5f08d03c4a2df9842915294b98b12433, type: 3}
      propertyPath: m_SizeDelta.y
      value: 220
      objectReference: {fileID: 0}
    - target: {fileID: 1099979277295645498, guid: 5f08d03c4a2df9842915294b98b12433, type: 3}
      propertyPath: m_LocalPosition.x
      value: 0
      objectReference: {fileID: 0}
    - target: {fileID: 1099979277295645498, guid: 5f08d03c4a2df9842915294b98b12433, type: 3}
      propertyPath: m_LocalPosition.y
      value: 0
      objectReference: {fileID: 0}
    - target: {fileID: 1099979277295645498, guid: 5f08d03c4a2df9842915294b98b12433, type: 3}
      propertyPath: m_LocalPosition.z
      value: 0
      objectReference: {fileID: 0}
    - target: {fileID: 1099979277295645498, guid: 5f08d03c4a2df9842915294b98b12433, type: 3}
      propertyPath: m_LocalRotation.w
      value: 1
      objectReference: {fileID: 0}
    - target: {fileID: 1099979277295645498, guid: 5f08d03c4a2df9842915294b98b12433, type: 3}
      propertyPath: m_LocalRotation.x
      value: -0
      objectReference: {fileID: 0}
    - target: {fileID: 1099979277295645498, guid: 5f08d03c4a2df9842915294b98b12433, type: 3}
      propertyPath: m_LocalRotation.y
      value: -0
      objectReference: {fileID: 0}
    - target: {fileID: 1099979277295645498, guid: 5f08d03c4a2df9842915294b98b12433, type: 3}
      propertyPath: m_LocalRotation.z
      value: -0
      objectReference: {fileID: 0}
    - target: {fileID: 1099979277295645498, guid: 5f08d03c4a2df9842915294b98b12433, type: 3}
      propertyPath: m_AnchoredPosition.x
      value: 0
      objectReference: {fileID: 0}
    - target: {fileID: 1099979277295645498, guid: 5f08d03c4a2df9842915294b98b12433, type: 3}
      propertyPath: m_AnchoredPosition.y
      value: 0
      objectReference: {fileID: 0}
    - target: {fileID: 1099979277295645498, guid: 5f08d03c4a2df9842915294b98b12433, type: 3}
      propertyPath: m_LocalEulerAnglesHint.x
      value: 0
      objectReference: {fileID: 0}
    - target: {fileID: 1099979277295645498, guid: 5f08d03c4a2df9842915294b98b12433, type: 3}
      propertyPath: m_LocalEulerAnglesHint.y
      value: 0
      objectReference: {fileID: 0}
    - target: {fileID: 1099979277295645498, guid: 5f08d03c4a2df9842915294b98b12433, type: 3}
      propertyPath: m_LocalEulerAnglesHint.z
      value: 0
      objectReference: {fileID: 0}
    - target: {fileID: 1099979277295645499, guid: 5f08d03c4a2df9842915294b98b12433, type: 3}
      propertyPath: m_Name
      value: Slot (13)
      objectReference: {fileID: 0}
    m_RemovedComponents: []
  m_SourcePrefab: {fileID: 100100000, guid: 5f08d03c4a2df9842915294b98b12433, type: 3}
--- !u!114 &2648009571538025084 stripped
MonoBehaviour:
  m_CorrespondingSourceObject: {fileID: 1212144754899970380, guid: 5f08d03c4a2df9842915294b98b12433, type: 3}
  m_PrefabInstance: {fileID: 3777950091742139184}
  m_PrefabAsset: {fileID: 0}
  m_GameObject: {fileID: 0}
  m_Enabled: 1
  m_EditorHideFlags: 0
  m_Script: {fileID: 11500000, guid: 2d0f765759b3b6a409c9428e61e670e7, type: 3}
  m_Name: 
  m_EditorClassIdentifier: 
--- !u!224 &4264364334086266890 stripped
RectTransform:
  m_CorrespondingSourceObject: {fileID: 1099979277295645498, guid: 5f08d03c4a2df9842915294b98b12433, type: 3}
  m_PrefabInstance: {fileID: 3777950091742139184}
  m_PrefabAsset: {fileID: 0}
--- !u!1001 &4623299422464507149
PrefabInstance:
  m_ObjectHideFlags: 0
  serializedVersion: 2
  m_Modification:
    m_TransformParent: {fileID: 7220342390044881508}
    m_Modifications:
    - target: {fileID: 1099979277295645497, guid: 5f08d03c4a2df9842915294b98b12433, type: 3}
      propertyPath: m_Type
      value: 0
      objectReference: {fileID: 0}
    - target: {fileID: 1099979277295645497, guid: 5f08d03c4a2df9842915294b98b12433, type: 3}
      propertyPath: m_Sprite
      value: 
      objectReference: {fileID: 10907, guid: 0000000000000000f000000000000000, type: 0}
    - target: {fileID: 1099979277295645497, guid: 5f08d03c4a2df9842915294b98b12433, type: 3}
      propertyPath: m_Maskable
      value: 1
      objectReference: {fileID: 0}
    - target: {fileID: 1099979277295645497, guid: 5f08d03c4a2df9842915294b98b12433, type: 3}
      propertyPath: m_RaycastTarget
      value: 0
      objectReference: {fileID: 0}
    - target: {fileID: 1099979277295645497, guid: 5f08d03c4a2df9842915294b98b12433, type: 3}
      propertyPath: m_PreserveAspect
      value: 1
      objectReference: {fileID: 0}
    - target: {fileID: 1099979277295645498, guid: 5f08d03c4a2df9842915294b98b12433, type: 3}
      propertyPath: m_Pivot.x
      value: 0.5
      objectReference: {fileID: 0}
    - target: {fileID: 1099979277295645498, guid: 5f08d03c4a2df9842915294b98b12433, type: 3}
      propertyPath: m_Pivot.y
      value: 0.5
      objectReference: {fileID: 0}
    - target: {fileID: 1099979277295645498, guid: 5f08d03c4a2df9842915294b98b12433, type: 3}
      propertyPath: m_RootOrder
      value: 4
      objectReference: {fileID: 0}
    - target: {fileID: 1099979277295645498, guid: 5f08d03c4a2df9842915294b98b12433, type: 3}
      propertyPath: m_AnchorMax.x
      value: 0
      objectReference: {fileID: 0}
    - target: {fileID: 1099979277295645498, guid: 5f08d03c4a2df9842915294b98b12433, type: 3}
      propertyPath: m_AnchorMax.y
      value: 0
      objectReference: {fileID: 0}
    - target: {fileID: 1099979277295645498, guid: 5f08d03c4a2df9842915294b98b12433, type: 3}
      propertyPath: m_AnchorMin.x
      value: 0
      objectReference: {fileID: 0}
    - target: {fileID: 1099979277295645498, guid: 5f08d03c4a2df9842915294b98b12433, type: 3}
      propertyPath: m_AnchorMin.y
      value: 0
      objectReference: {fileID: 0}
    - target: {fileID: 1099979277295645498, guid: 5f08d03c4a2df9842915294b98b12433, type: 3}
      propertyPath: m_SizeDelta.x
      value: 0
      objectReference: {fileID: 0}
    - target: {fileID: 1099979277295645498, guid: 5f08d03c4a2df9842915294b98b12433, type: 3}
      propertyPath: m_SizeDelta.y
      value: 220
      objectReference: {fileID: 0}
    - target: {fileID: 1099979277295645498, guid: 5f08d03c4a2df9842915294b98b12433, type: 3}
      propertyPath: m_LocalPosition.x
      value: 0
      objectReference: {fileID: 0}
    - target: {fileID: 1099979277295645498, guid: 5f08d03c4a2df9842915294b98b12433, type: 3}
      propertyPath: m_LocalPosition.y
      value: 0
      objectReference: {fileID: 0}
    - target: {fileID: 1099979277295645498, guid: 5f08d03c4a2df9842915294b98b12433, type: 3}
      propertyPath: m_LocalPosition.z
      value: 0
      objectReference: {fileID: 0}
    - target: {fileID: 1099979277295645498, guid: 5f08d03c4a2df9842915294b98b12433, type: 3}
      propertyPath: m_LocalRotation.w
      value: 1
      objectReference: {fileID: 0}
    - target: {fileID: 1099979277295645498, guid: 5f08d03c4a2df9842915294b98b12433, type: 3}
      propertyPath: m_LocalRotation.x
      value: -0
      objectReference: {fileID: 0}
    - target: {fileID: 1099979277295645498, guid: 5f08d03c4a2df9842915294b98b12433, type: 3}
      propertyPath: m_LocalRotation.y
      value: -0
      objectReference: {fileID: 0}
    - target: {fileID: 1099979277295645498, guid: 5f08d03c4a2df9842915294b98b12433, type: 3}
      propertyPath: m_LocalRotation.z
      value: -0
      objectReference: {fileID: 0}
    - target: {fileID: 1099979277295645498, guid: 5f08d03c4a2df9842915294b98b12433, type: 3}
      propertyPath: m_AnchoredPosition.x
      value: 0
      objectReference: {fileID: 0}
    - target: {fileID: 1099979277295645498, guid: 5f08d03c4a2df9842915294b98b12433, type: 3}
      propertyPath: m_AnchoredPosition.y
      value: 0
      objectReference: {fileID: 0}
    - target: {fileID: 1099979277295645498, guid: 5f08d03c4a2df9842915294b98b12433, type: 3}
      propertyPath: m_LocalEulerAnglesHint.x
      value: 0
      objectReference: {fileID: 0}
    - target: {fileID: 1099979277295645498, guid: 5f08d03c4a2df9842915294b98b12433, type: 3}
      propertyPath: m_LocalEulerAnglesHint.y
      value: 0
      objectReference: {fileID: 0}
    - target: {fileID: 1099979277295645498, guid: 5f08d03c4a2df9842915294b98b12433, type: 3}
      propertyPath: m_LocalEulerAnglesHint.z
      value: 0
      objectReference: {fileID: 0}
    - target: {fileID: 1099979277295645499, guid: 5f08d03c4a2df9842915294b98b12433, type: 3}
      propertyPath: m_Name
      value: Slot (4)
      objectReference: {fileID: 0}
    m_RemovedComponents: []
  m_SourcePrefab: {fileID: 100100000, guid: 5f08d03c4a2df9842915294b98b12433, type: 3}
--- !u!224 &5722574325047660087 stripped
RectTransform:
  m_CorrespondingSourceObject: {fileID: 1099979277295645498, guid: 5f08d03c4a2df9842915294b98b12433, type: 3}
  m_PrefabInstance: {fileID: 4623299422464507149}
  m_PrefabAsset: {fileID: 0}
--- !u!114 &5835298901571769409 stripped
MonoBehaviour:
  m_CorrespondingSourceObject: {fileID: 1212144754899970380, guid: 5f08d03c4a2df9842915294b98b12433, type: 3}
  m_PrefabInstance: {fileID: 4623299422464507149}
  m_PrefabAsset: {fileID: 0}
  m_GameObject: {fileID: 0}
  m_Enabled: 1
  m_EditorHideFlags: 0
  m_Script: {fileID: 11500000, guid: 2d0f765759b3b6a409c9428e61e670e7, type: 3}
  m_Name: 
  m_EditorClassIdentifier: 
--- !u!1001 &5712104080099576960
PrefabInstance:
  m_ObjectHideFlags: 0
  serializedVersion: 2
  m_Modification:
    m_TransformParent: {fileID: 7220342390044881508}
    m_Modifications:
    - target: {fileID: 1099979277295645497, guid: 5f08d03c4a2df9842915294b98b12433, type: 3}
      propertyPath: m_Type
      value: 0
      objectReference: {fileID: 0}
    - target: {fileID: 1099979277295645497, guid: 5f08d03c4a2df9842915294b98b12433, type: 3}
      propertyPath: m_Sprite
      value: 
      objectReference: {fileID: 10907, guid: 0000000000000000f000000000000000, type: 0}
    - target: {fileID: 1099979277295645497, guid: 5f08d03c4a2df9842915294b98b12433, type: 3}
      propertyPath: m_Maskable
      value: 1
      objectReference: {fileID: 0}
    - target: {fileID: 1099979277295645497, guid: 5f08d03c4a2df9842915294b98b12433, type: 3}
      propertyPath: m_RaycastTarget
      value: 0
      objectReference: {fileID: 0}
    - target: {fileID: 1099979277295645497, guid: 5f08d03c4a2df9842915294b98b12433, type: 3}
      propertyPath: m_PreserveAspect
      value: 1
      objectReference: {fileID: 0}
    - target: {fileID: 1099979277295645498, guid: 5f08d03c4a2df9842915294b98b12433, type: 3}
      propertyPath: m_Pivot.x
      value: 0.5
      objectReference: {fileID: 0}
    - target: {fileID: 1099979277295645498, guid: 5f08d03c4a2df9842915294b98b12433, type: 3}
      propertyPath: m_Pivot.y
      value: 0.5
      objectReference: {fileID: 0}
    - target: {fileID: 1099979277295645498, guid: 5f08d03c4a2df9842915294b98b12433, type: 3}
      propertyPath: m_RootOrder
      value: 3
      objectReference: {fileID: 0}
    - target: {fileID: 1099979277295645498, guid: 5f08d03c4a2df9842915294b98b12433, type: 3}
      propertyPath: m_AnchorMax.x
      value: 0
      objectReference: {fileID: 0}
    - target: {fileID: 1099979277295645498, guid: 5f08d03c4a2df9842915294b98b12433, type: 3}
      propertyPath: m_AnchorMax.y
      value: 0
      objectReference: {fileID: 0}
    - target: {fileID: 1099979277295645498, guid: 5f08d03c4a2df9842915294b98b12433, type: 3}
      propertyPath: m_AnchorMin.x
      value: 0
      objectReference: {fileID: 0}
    - target: {fileID: 1099979277295645498, guid: 5f08d03c4a2df9842915294b98b12433, type: 3}
      propertyPath: m_AnchorMin.y
      value: 0
      objectReference: {fileID: 0}
    - target: {fileID: 1099979277295645498, guid: 5f08d03c4a2df9842915294b98b12433, type: 3}
      propertyPath: m_SizeDelta.x
      value: 0
      objectReference: {fileID: 0}
    - target: {fileID: 1099979277295645498, guid: 5f08d03c4a2df9842915294b98b12433, type: 3}
      propertyPath: m_SizeDelta.y
      value: 220
      objectReference: {fileID: 0}
    - target: {fileID: 1099979277295645498, guid: 5f08d03c4a2df9842915294b98b12433, type: 3}
      propertyPath: m_LocalPosition.x
      value: 0
      objectReference: {fileID: 0}
    - target: {fileID: 1099979277295645498, guid: 5f08d03c4a2df9842915294b98b12433, type: 3}
      propertyPath: m_LocalPosition.y
      value: 0
      objectReference: {fileID: 0}
    - target: {fileID: 1099979277295645498, guid: 5f08d03c4a2df9842915294b98b12433, type: 3}
      propertyPath: m_LocalPosition.z
      value: 0
      objectReference: {fileID: 0}
    - target: {fileID: 1099979277295645498, guid: 5f08d03c4a2df9842915294b98b12433, type: 3}
      propertyPath: m_LocalRotation.w
      value: 1
      objectReference: {fileID: 0}
    - target: {fileID: 1099979277295645498, guid: 5f08d03c4a2df9842915294b98b12433, type: 3}
      propertyPath: m_LocalRotation.x
      value: -0
      objectReference: {fileID: 0}
    - target: {fileID: 1099979277295645498, guid: 5f08d03c4a2df9842915294b98b12433, type: 3}
      propertyPath: m_LocalRotation.y
      value: -0
      objectReference: {fileID: 0}
    - target: {fileID: 1099979277295645498, guid: 5f08d03c4a2df9842915294b98b12433, type: 3}
      propertyPath: m_LocalRotation.z
      value: -0
      objectReference: {fileID: 0}
    - target: {fileID: 1099979277295645498, guid: 5f08d03c4a2df9842915294b98b12433, type: 3}
      propertyPath: m_AnchoredPosition.x
      value: 0
      objectReference: {fileID: 0}
    - target: {fileID: 1099979277295645498, guid: 5f08d03c4a2df9842915294b98b12433, type: 3}
      propertyPath: m_AnchoredPosition.y
      value: 0
      objectReference: {fileID: 0}
    - target: {fileID: 1099979277295645498, guid: 5f08d03c4a2df9842915294b98b12433, type: 3}
      propertyPath: m_LocalEulerAnglesHint.x
      value: 0
      objectReference: {fileID: 0}
    - target: {fileID: 1099979277295645498, guid: 5f08d03c4a2df9842915294b98b12433, type: 3}
      propertyPath: m_LocalEulerAnglesHint.y
      value: 0
      objectReference: {fileID: 0}
    - target: {fileID: 1099979277295645498, guid: 5f08d03c4a2df9842915294b98b12433, type: 3}
      propertyPath: m_LocalEulerAnglesHint.z
      value: 0
      objectReference: {fileID: 0}
    - target: {fileID: 1099979277295645499, guid: 5f08d03c4a2df9842915294b98b12433, type: 3}
      propertyPath: m_Name
      value: Slot (3)
      objectReference: {fileID: 0}
    m_RemovedComponents: []
  m_SourcePrefab: {fileID: 100100000, guid: 5f08d03c4a2df9842915294b98b12433, type: 3}
--- !u!224 &4613534532440326074 stripped
RectTransform:
  m_CorrespondingSourceObject: {fileID: 1099979277295645498, guid: 5f08d03c4a2df9842915294b98b12433, type: 3}
  m_PrefabInstance: {fileID: 5712104080099576960}
  m_PrefabAsset: {fileID: 0}
--- !u!114 &6888008647604921804 stripped
MonoBehaviour:
  m_CorrespondingSourceObject: {fileID: 1212144754899970380, guid: 5f08d03c4a2df9842915294b98b12433, type: 3}
  m_PrefabInstance: {fileID: 5712104080099576960}
  m_PrefabAsset: {fileID: 0}
  m_GameObject: {fileID: 0}
  m_Enabled: 1
  m_EditorHideFlags: 0
  m_Script: {fileID: 11500000, guid: 2d0f765759b3b6a409c9428e61e670e7, type: 3}
  m_Name: 
  m_EditorClassIdentifier: 
--- !u!1001 &6037083051555967880
PrefabInstance:
  m_ObjectHideFlags: 0
  serializedVersion: 2
  m_Modification:
    m_TransformParent: {fileID: 7220342390044881508}
    m_Modifications:
    - target: {fileID: 1099979277295645497, guid: 5f08d03c4a2df9842915294b98b12433, type: 3}
      propertyPath: m_Type
      value: 0
      objectReference: {fileID: 0}
    - target: {fileID: 1099979277295645497, guid: 5f08d03c4a2df9842915294b98b12433, type: 3}
      propertyPath: m_Sprite
      value: 
      objectReference: {fileID: 10907, guid: 0000000000000000f000000000000000, type: 0}
    - target: {fileID: 1099979277295645497, guid: 5f08d03c4a2df9842915294b98b12433, type: 3}
      propertyPath: m_Maskable
      value: 1
      objectReference: {fileID: 0}
    - target: {fileID: 1099979277295645497, guid: 5f08d03c4a2df9842915294b98b12433, type: 3}
      propertyPath: m_RaycastTarget
      value: 0
      objectReference: {fileID: 0}
    - target: {fileID: 1099979277295645497, guid: 5f08d03c4a2df9842915294b98b12433, type: 3}
      propertyPath: m_PreserveAspect
      value: 1
      objectReference: {fileID: 0}
    - target: {fileID: 1099979277295645498, guid: 5f08d03c4a2df9842915294b98b12433, type: 3}
      propertyPath: m_Pivot.x
      value: 0.5
      objectReference: {fileID: 0}
    - target: {fileID: 1099979277295645498, guid: 5f08d03c4a2df9842915294b98b12433, type: 3}
      propertyPath: m_Pivot.y
      value: 0.5
      objectReference: {fileID: 0}
    - target: {fileID: 1099979277295645498, guid: 5f08d03c4a2df9842915294b98b12433, type: 3}
      propertyPath: m_RootOrder
      value: 12
      objectReference: {fileID: 0}
    - target: {fileID: 1099979277295645498, guid: 5f08d03c4a2df9842915294b98b12433, type: 3}
      propertyPath: m_AnchorMax.x
      value: 0
      objectReference: {fileID: 0}
    - target: {fileID: 1099979277295645498, guid: 5f08d03c4a2df9842915294b98b12433, type: 3}
      propertyPath: m_AnchorMax.y
      value: 0
      objectReference: {fileID: 0}
    - target: {fileID: 1099979277295645498, guid: 5f08d03c4a2df9842915294b98b12433, type: 3}
      propertyPath: m_AnchorMin.x
      value: 0
      objectReference: {fileID: 0}
    - target: {fileID: 1099979277295645498, guid: 5f08d03c4a2df9842915294b98b12433, type: 3}
      propertyPath: m_AnchorMin.y
      value: 0
      objectReference: {fileID: 0}
    - target: {fileID: 1099979277295645498, guid: 5f08d03c4a2df9842915294b98b12433, type: 3}
      propertyPath: m_SizeDelta.x
      value: 0
      objectReference: {fileID: 0}
    - target: {fileID: 1099979277295645498, guid: 5f08d03c4a2df9842915294b98b12433, type: 3}
      propertyPath: m_SizeDelta.y
      value: 220
      objectReference: {fileID: 0}
    - target: {fileID: 1099979277295645498, guid: 5f08d03c4a2df9842915294b98b12433, type: 3}
      propertyPath: m_LocalPosition.x
      value: 0
      objectReference: {fileID: 0}
    - target: {fileID: 1099979277295645498, guid: 5f08d03c4a2df9842915294b98b12433, type: 3}
      propertyPath: m_LocalPosition.y
      value: 0
      objectReference: {fileID: 0}
    - target: {fileID: 1099979277295645498, guid: 5f08d03c4a2df9842915294b98b12433, type: 3}
      propertyPath: m_LocalPosition.z
      value: 0
      objectReference: {fileID: 0}
    - target: {fileID: 1099979277295645498, guid: 5f08d03c4a2df9842915294b98b12433, type: 3}
      propertyPath: m_LocalRotation.w
      value: 1
      objectReference: {fileID: 0}
    - target: {fileID: 1099979277295645498, guid: 5f08d03c4a2df9842915294b98b12433, type: 3}
      propertyPath: m_LocalRotation.x
      value: -0
      objectReference: {fileID: 0}
    - target: {fileID: 1099979277295645498, guid: 5f08d03c4a2df9842915294b98b12433, type: 3}
      propertyPath: m_LocalRotation.y
      value: -0
      objectReference: {fileID: 0}
    - target: {fileID: 1099979277295645498, guid: 5f08d03c4a2df9842915294b98b12433, type: 3}
      propertyPath: m_LocalRotation.z
      value: -0
      objectReference: {fileID: 0}
    - target: {fileID: 1099979277295645498, guid: 5f08d03c4a2df9842915294b98b12433, type: 3}
      propertyPath: m_AnchoredPosition.x
      value: 0
      objectReference: {fileID: 0}
    - target: {fileID: 1099979277295645498, guid: 5f08d03c4a2df9842915294b98b12433, type: 3}
      propertyPath: m_AnchoredPosition.y
      value: 0
      objectReference: {fileID: 0}
    - target: {fileID: 1099979277295645498, guid: 5f08d03c4a2df9842915294b98b12433, type: 3}
      propertyPath: m_LocalEulerAnglesHint.x
      value: 0
      objectReference: {fileID: 0}
    - target: {fileID: 1099979277295645498, guid: 5f08d03c4a2df9842915294b98b12433, type: 3}
      propertyPath: m_LocalEulerAnglesHint.y
      value: 0
      objectReference: {fileID: 0}
    - target: {fileID: 1099979277295645498, guid: 5f08d03c4a2df9842915294b98b12433, type: 3}
      propertyPath: m_LocalEulerAnglesHint.z
      value: 0
      objectReference: {fileID: 0}
    - target: {fileID: 1099979277295645499, guid: 5f08d03c4a2df9842915294b98b12433, type: 3}
      propertyPath: m_Name
      value: Slot (12)
      objectReference: {fileID: 0}
    m_RemovedComponents: []
  m_SourcePrefab: {fileID: 100100000, guid: 5f08d03c4a2df9842915294b98b12433, type: 3}
--- !u!224 &6668685767406592178 stripped
RectTransform:
  m_CorrespondingSourceObject: {fileID: 1099979277295645498, guid: 5f08d03c4a2df9842915294b98b12433, type: 3}
  m_PrefabInstance: {fileID: 6037083051555967880}
  m_PrefabAsset: {fileID: 0}
--- !u!114 &4835282942826396356 stripped
MonoBehaviour:
  m_CorrespondingSourceObject: {fileID: 1212144754899970380, guid: 5f08d03c4a2df9842915294b98b12433, type: 3}
  m_PrefabInstance: {fileID: 6037083051555967880}
  m_PrefabAsset: {fileID: 0}
  m_GameObject: {fileID: 0}
  m_Enabled: 1
  m_EditorHideFlags: 0
  m_Script: {fileID: 11500000, guid: 2d0f765759b3b6a409c9428e61e670e7, type: 3}
  m_Name: 
  m_EditorClassIdentifier: 
--- !u!1001 &6127656508607467939
PrefabInstance:
  m_ObjectHideFlags: 0
  serializedVersion: 2
  m_Modification:
    m_TransformParent: {fileID: 7220342390044881508}
    m_Modifications:
    - target: {fileID: 1099979277295645497, guid: 5f08d03c4a2df9842915294b98b12433, type: 3}
      propertyPath: m_Type
      value: 0
      objectReference: {fileID: 0}
    - target: {fileID: 1099979277295645497, guid: 5f08d03c4a2df9842915294b98b12433, type: 3}
      propertyPath: m_Sprite
      value: 
      objectReference: {fileID: 10907, guid: 0000000000000000f000000000000000, type: 0}
    - target: {fileID: 1099979277295645497, guid: 5f08d03c4a2df9842915294b98b12433, type: 3}
      propertyPath: m_Maskable
      value: 1
      objectReference: {fileID: 0}
    - target: {fileID: 1099979277295645497, guid: 5f08d03c4a2df9842915294b98b12433, type: 3}
      propertyPath: m_RaycastTarget
      value: 0
      objectReference: {fileID: 0}
    - target: {fileID: 1099979277295645497, guid: 5f08d03c4a2df9842915294b98b12433, type: 3}
      propertyPath: m_PreserveAspect
      value: 1
      objectReference: {fileID: 0}
    - target: {fileID: 1099979277295645498, guid: 5f08d03c4a2df9842915294b98b12433, type: 3}
      propertyPath: m_Pivot.x
      value: 0.5
      objectReference: {fileID: 0}
    - target: {fileID: 1099979277295645498, guid: 5f08d03c4a2df9842915294b98b12433, type: 3}
      propertyPath: m_Pivot.y
      value: 0.5
      objectReference: {fileID: 0}
    - target: {fileID: 1099979277295645498, guid: 5f08d03c4a2df9842915294b98b12433, type: 3}
      propertyPath: m_RootOrder
      value: 11
      objectReference: {fileID: 0}
    - target: {fileID: 1099979277295645498, guid: 5f08d03c4a2df9842915294b98b12433, type: 3}
      propertyPath: m_AnchorMax.x
      value: 0
      objectReference: {fileID: 0}
    - target: {fileID: 1099979277295645498, guid: 5f08d03c4a2df9842915294b98b12433, type: 3}
      propertyPath: m_AnchorMax.y
      value: 0
      objectReference: {fileID: 0}
    - target: {fileID: 1099979277295645498, guid: 5f08d03c4a2df9842915294b98b12433, type: 3}
      propertyPath: m_AnchorMin.x
      value: 0
      objectReference: {fileID: 0}
    - target: {fileID: 1099979277295645498, guid: 5f08d03c4a2df9842915294b98b12433, type: 3}
      propertyPath: m_AnchorMin.y
      value: 0
      objectReference: {fileID: 0}
    - target: {fileID: 1099979277295645498, guid: 5f08d03c4a2df9842915294b98b12433, type: 3}
      propertyPath: m_SizeDelta.x
      value: 0
      objectReference: {fileID: 0}
    - target: {fileID: 1099979277295645498, guid: 5f08d03c4a2df9842915294b98b12433, type: 3}
      propertyPath: m_SizeDelta.y
      value: 220
      objectReference: {fileID: 0}
    - target: {fileID: 1099979277295645498, guid: 5f08d03c4a2df9842915294b98b12433, type: 3}
      propertyPath: m_LocalPosition.x
      value: 0
      objectReference: {fileID: 0}
    - target: {fileID: 1099979277295645498, guid: 5f08d03c4a2df9842915294b98b12433, type: 3}
      propertyPath: m_LocalPosition.y
      value: 0
      objectReference: {fileID: 0}
    - target: {fileID: 1099979277295645498, guid: 5f08d03c4a2df9842915294b98b12433, type: 3}
      propertyPath: m_LocalPosition.z
      value: 0
      objectReference: {fileID: 0}
    - target: {fileID: 1099979277295645498, guid: 5f08d03c4a2df9842915294b98b12433, type: 3}
      propertyPath: m_LocalRotation.w
      value: 1
      objectReference: {fileID: 0}
    - target: {fileID: 1099979277295645498, guid: 5f08d03c4a2df9842915294b98b12433, type: 3}
      propertyPath: m_LocalRotation.x
      value: -0
      objectReference: {fileID: 0}
    - target: {fileID: 1099979277295645498, guid: 5f08d03c4a2df9842915294b98b12433, type: 3}
      propertyPath: m_LocalRotation.y
      value: -0
      objectReference: {fileID: 0}
    - target: {fileID: 1099979277295645498, guid: 5f08d03c4a2df9842915294b98b12433, type: 3}
      propertyPath: m_LocalRotation.z
      value: -0
      objectReference: {fileID: 0}
    - target: {fileID: 1099979277295645498, guid: 5f08d03c4a2df9842915294b98b12433, type: 3}
      propertyPath: m_AnchoredPosition.x
      value: 0
      objectReference: {fileID: 0}
    - target: {fileID: 1099979277295645498, guid: 5f08d03c4a2df9842915294b98b12433, type: 3}
      propertyPath: m_AnchoredPosition.y
      value: 0
      objectReference: {fileID: 0}
    - target: {fileID: 1099979277295645498, guid: 5f08d03c4a2df9842915294b98b12433, type: 3}
      propertyPath: m_LocalEulerAnglesHint.x
      value: 0
      objectReference: {fileID: 0}
    - target: {fileID: 1099979277295645498, guid: 5f08d03c4a2df9842915294b98b12433, type: 3}
      propertyPath: m_LocalEulerAnglesHint.y
      value: 0
      objectReference: {fileID: 0}
    - target: {fileID: 1099979277295645498, guid: 5f08d03c4a2df9842915294b98b12433, type: 3}
      propertyPath: m_LocalEulerAnglesHint.z
      value: 0
      objectReference: {fileID: 0}
    - target: {fileID: 1099979277295645499, guid: 5f08d03c4a2df9842915294b98b12433, type: 3}
      propertyPath: m_Name
      value: Slot (11)
      objectReference: {fileID: 0}
    m_RemovedComponents: []
  m_SourcePrefab: {fileID: 100100000, guid: 5f08d03c4a2df9842915294b98b12433, type: 3}
--- !u!224 &6506054890783498905 stripped
RectTransform:
  m_CorrespondingSourceObject: {fileID: 1099979277295645498, guid: 5f08d03c4a2df9842915294b98b12433, type: 3}
  m_PrefabInstance: {fileID: 6127656508607467939}
  m_PrefabAsset: {fileID: 0}
--- !u!114 &5033801844598700271 stripped
MonoBehaviour:
  m_CorrespondingSourceObject: {fileID: 1212144754899970380, guid: 5f08d03c4a2df9842915294b98b12433, type: 3}
  m_PrefabInstance: {fileID: 6127656508607467939}
  m_PrefabAsset: {fileID: 0}
  m_GameObject: {fileID: 0}
  m_Enabled: 1
  m_EditorHideFlags: 0
  m_Script: {fileID: 11500000, guid: 2d0f765759b3b6a409c9428e61e670e7, type: 3}
  m_Name: 
  m_EditorClassIdentifier: 
--- !u!1001 &6158736035581514910
PrefabInstance:
  m_ObjectHideFlags: 0
  serializedVersion: 2
  m_Modification:
    m_TransformParent: {fileID: 7220342390044881508}
    m_Modifications:
    - target: {fileID: 1099979277295645497, guid: 5f08d03c4a2df9842915294b98b12433, type: 3}
      propertyPath: m_Type
      value: 0
      objectReference: {fileID: 0}
    - target: {fileID: 1099979277295645497, guid: 5f08d03c4a2df9842915294b98b12433, type: 3}
      propertyPath: m_Sprite
      value: 
      objectReference: {fileID: 10907, guid: 0000000000000000f000000000000000, type: 0}
    - target: {fileID: 1099979277295645497, guid: 5f08d03c4a2df9842915294b98b12433, type: 3}
      propertyPath: m_Maskable
      value: 1
      objectReference: {fileID: 0}
    - target: {fileID: 1099979277295645497, guid: 5f08d03c4a2df9842915294b98b12433, type: 3}
      propertyPath: m_RaycastTarget
      value: 0
      objectReference: {fileID: 0}
    - target: {fileID: 1099979277295645497, guid: 5f08d03c4a2df9842915294b98b12433, type: 3}
      propertyPath: m_PreserveAspect
      value: 1
      objectReference: {fileID: 0}
    - target: {fileID: 1099979277295645498, guid: 5f08d03c4a2df9842915294b98b12433, type: 3}
      propertyPath: m_Pivot.x
      value: 0.5
      objectReference: {fileID: 0}
    - target: {fileID: 1099979277295645498, guid: 5f08d03c4a2df9842915294b98b12433, type: 3}
      propertyPath: m_Pivot.y
      value: 0.5
      objectReference: {fileID: 0}
    - target: {fileID: 1099979277295645498, guid: 5f08d03c4a2df9842915294b98b12433, type: 3}
      propertyPath: m_RootOrder
      value: 1
      objectReference: {fileID: 0}
    - target: {fileID: 1099979277295645498, guid: 5f08d03c4a2df9842915294b98b12433, type: 3}
      propertyPath: m_AnchorMax.x
      value: 0
      objectReference: {fileID: 0}
    - target: {fileID: 1099979277295645498, guid: 5f08d03c4a2df9842915294b98b12433, type: 3}
      propertyPath: m_AnchorMax.y
      value: 0
      objectReference: {fileID: 0}
    - target: {fileID: 1099979277295645498, guid: 5f08d03c4a2df9842915294b98b12433, type: 3}
      propertyPath: m_AnchorMin.x
      value: 0
      objectReference: {fileID: 0}
    - target: {fileID: 1099979277295645498, guid: 5f08d03c4a2df9842915294b98b12433, type: 3}
      propertyPath: m_AnchorMin.y
      value: 0
      objectReference: {fileID: 0}
    - target: {fileID: 1099979277295645498, guid: 5f08d03c4a2df9842915294b98b12433, type: 3}
      propertyPath: m_SizeDelta.x
      value: 0
      objectReference: {fileID: 0}
    - target: {fileID: 1099979277295645498, guid: 5f08d03c4a2df9842915294b98b12433, type: 3}
      propertyPath: m_SizeDelta.y
      value: 220
      objectReference: {fileID: 0}
    - target: {fileID: 1099979277295645498, guid: 5f08d03c4a2df9842915294b98b12433, type: 3}
      propertyPath: m_LocalPosition.x
      value: 0
      objectReference: {fileID: 0}
    - target: {fileID: 1099979277295645498, guid: 5f08d03c4a2df9842915294b98b12433, type: 3}
      propertyPath: m_LocalPosition.y
      value: 0
      objectReference: {fileID: 0}
    - target: {fileID: 1099979277295645498, guid: 5f08d03c4a2df9842915294b98b12433, type: 3}
      propertyPath: m_LocalPosition.z
      value: 0
      objectReference: {fileID: 0}
    - target: {fileID: 1099979277295645498, guid: 5f08d03c4a2df9842915294b98b12433, type: 3}
      propertyPath: m_LocalRotation.w
      value: 1
      objectReference: {fileID: 0}
    - target: {fileID: 1099979277295645498, guid: 5f08d03c4a2df9842915294b98b12433, type: 3}
      propertyPath: m_LocalRotation.x
      value: -0
      objectReference: {fileID: 0}
    - target: {fileID: 1099979277295645498, guid: 5f08d03c4a2df9842915294b98b12433, type: 3}
      propertyPath: m_LocalRotation.y
      value: -0
      objectReference: {fileID: 0}
    - target: {fileID: 1099979277295645498, guid: 5f08d03c4a2df9842915294b98b12433, type: 3}
      propertyPath: m_LocalRotation.z
      value: -0
      objectReference: {fileID: 0}
    - target: {fileID: 1099979277295645498, guid: 5f08d03c4a2df9842915294b98b12433, type: 3}
      propertyPath: m_AnchoredPosition.x
      value: 0
      objectReference: {fileID: 0}
    - target: {fileID: 1099979277295645498, guid: 5f08d03c4a2df9842915294b98b12433, type: 3}
      propertyPath: m_AnchoredPosition.y
      value: 0
      objectReference: {fileID: 0}
    - target: {fileID: 1099979277295645498, guid: 5f08d03c4a2df9842915294b98b12433, type: 3}
      propertyPath: m_LocalEulerAnglesHint.x
      value: 0
      objectReference: {fileID: 0}
    - target: {fileID: 1099979277295645498, guid: 5f08d03c4a2df9842915294b98b12433, type: 3}
      propertyPath: m_LocalEulerAnglesHint.y
      value: 0
      objectReference: {fileID: 0}
    - target: {fileID: 1099979277295645498, guid: 5f08d03c4a2df9842915294b98b12433, type: 3}
      propertyPath: m_LocalEulerAnglesHint.z
      value: 0
      objectReference: {fileID: 0}
    - target: {fileID: 1099979277295645499, guid: 5f08d03c4a2df9842915294b98b12433, type: 3}
      propertyPath: m_Name
      value: Slot (1)
      objectReference: {fileID: 0}
    m_RemovedComponents: []
  m_SourcePrefab: {fileID: 100100000, guid: 5f08d03c4a2df9842915294b98b12433, type: 3}
--- !u!114 &5019929120584351186 stripped
MonoBehaviour:
  m_CorrespondingSourceObject: {fileID: 1212144754899970380, guid: 5f08d03c4a2df9842915294b98b12433, type: 3}
  m_PrefabInstance: {fileID: 6158736035581514910}
  m_PrefabAsset: {fileID: 0}
  m_GameObject: {fileID: 0}
  m_Enabled: 1
  m_EditorHideFlags: 0
  m_Script: {fileID: 11500000, guid: 2d0f765759b3b6a409c9428e61e670e7, type: 3}
  m_Name: 
  m_EditorClassIdentifier: 
--- !u!224 &6502019839924938660 stripped
RectTransform:
  m_CorrespondingSourceObject: {fileID: 1099979277295645498, guid: 5f08d03c4a2df9842915294b98b12433, type: 3}
  m_PrefabInstance: {fileID: 6158736035581514910}
  m_PrefabAsset: {fileID: 0}
--- !u!1001 &7429715921744311663
PrefabInstance:
  m_ObjectHideFlags: 0
  serializedVersion: 2
  m_Modification:
    m_TransformParent: {fileID: 7220342390044881508}
    m_Modifications:
    - target: {fileID: 1099979277295645497, guid: 5f08d03c4a2df9842915294b98b12433, type: 3}
      propertyPath: m_Type
      value: 0
      objectReference: {fileID: 0}
    - target: {fileID: 1099979277295645497, guid: 5f08d03c4a2df9842915294b98b12433, type: 3}
      propertyPath: m_Sprite
      value: 
      objectReference: {fileID: 10907, guid: 0000000000000000f000000000000000, type: 0}
    - target: {fileID: 1099979277295645497, guid: 5f08d03c4a2df9842915294b98b12433, type: 3}
      propertyPath: m_Maskable
      value: 1
      objectReference: {fileID: 0}
    - target: {fileID: 1099979277295645497, guid: 5f08d03c4a2df9842915294b98b12433, type: 3}
      propertyPath: m_RaycastTarget
      value: 0
      objectReference: {fileID: 0}
    - target: {fileID: 1099979277295645497, guid: 5f08d03c4a2df9842915294b98b12433, type: 3}
      propertyPath: m_PreserveAspect
      value: 1
      objectReference: {fileID: 0}
    - target: {fileID: 1099979277295645498, guid: 5f08d03c4a2df9842915294b98b12433, type: 3}
      propertyPath: m_Pivot.x
      value: 0.5
      objectReference: {fileID: 0}
    - target: {fileID: 1099979277295645498, guid: 5f08d03c4a2df9842915294b98b12433, type: 3}
      propertyPath: m_Pivot.y
      value: 0.5
      objectReference: {fileID: 0}
    - target: {fileID: 1099979277295645498, guid: 5f08d03c4a2df9842915294b98b12433, type: 3}
      propertyPath: m_RootOrder
      value: 9
      objectReference: {fileID: 0}
    - target: {fileID: 1099979277295645498, guid: 5f08d03c4a2df9842915294b98b12433, type: 3}
      propertyPath: m_AnchorMax.x
      value: 0
      objectReference: {fileID: 0}
    - target: {fileID: 1099979277295645498, guid: 5f08d03c4a2df9842915294b98b12433, type: 3}
      propertyPath: m_AnchorMax.y
      value: 0
      objectReference: {fileID: 0}
    - target: {fileID: 1099979277295645498, guid: 5f08d03c4a2df9842915294b98b12433, type: 3}
      propertyPath: m_AnchorMin.x
      value: 0
      objectReference: {fileID: 0}
    - target: {fileID: 1099979277295645498, guid: 5f08d03c4a2df9842915294b98b12433, type: 3}
      propertyPath: m_AnchorMin.y
      value: 0
      objectReference: {fileID: 0}
    - target: {fileID: 1099979277295645498, guid: 5f08d03c4a2df9842915294b98b12433, type: 3}
      propertyPath: m_SizeDelta.x
      value: 0
      objectReference: {fileID: 0}
    - target: {fileID: 1099979277295645498, guid: 5f08d03c4a2df9842915294b98b12433, type: 3}
      propertyPath: m_SizeDelta.y
      value: 220
      objectReference: {fileID: 0}
    - target: {fileID: 1099979277295645498, guid: 5f08d03c4a2df9842915294b98b12433, type: 3}
      propertyPath: m_LocalPosition.x
      value: 0
      objectReference: {fileID: 0}
    - target: {fileID: 1099979277295645498, guid: 5f08d03c4a2df9842915294b98b12433, type: 3}
      propertyPath: m_LocalPosition.y
      value: 0
      objectReference: {fileID: 0}
    - target: {fileID: 1099979277295645498, guid: 5f08d03c4a2df9842915294b98b12433, type: 3}
      propertyPath: m_LocalPosition.z
      value: 0
      objectReference: {fileID: 0}
    - target: {fileID: 1099979277295645498, guid: 5f08d03c4a2df9842915294b98b12433, type: 3}
      propertyPath: m_LocalRotation.w
      value: 1
      objectReference: {fileID: 0}
    - target: {fileID: 1099979277295645498, guid: 5f08d03c4a2df9842915294b98b12433, type: 3}
      propertyPath: m_LocalRotation.x
      value: -0
      objectReference: {fileID: 0}
    - target: {fileID: 1099979277295645498, guid: 5f08d03c4a2df9842915294b98b12433, type: 3}
      propertyPath: m_LocalRotation.y
      value: -0
      objectReference: {fileID: 0}
    - target: {fileID: 1099979277295645498, guid: 5f08d03c4a2df9842915294b98b12433, type: 3}
      propertyPath: m_LocalRotation.z
      value: -0
      objectReference: {fileID: 0}
    - target: {fileID: 1099979277295645498, guid: 5f08d03c4a2df9842915294b98b12433, type: 3}
      propertyPath: m_AnchoredPosition.x
      value: 0
      objectReference: {fileID: 0}
    - target: {fileID: 1099979277295645498, guid: 5f08d03c4a2df9842915294b98b12433, type: 3}
      propertyPath: m_AnchoredPosition.y
      value: 0
      objectReference: {fileID: 0}
    - target: {fileID: 1099979277295645498, guid: 5f08d03c4a2df9842915294b98b12433, type: 3}
      propertyPath: m_LocalEulerAnglesHint.x
      value: 0
      objectReference: {fileID: 0}
    - target: {fileID: 1099979277295645498, guid: 5f08d03c4a2df9842915294b98b12433, type: 3}
      propertyPath: m_LocalEulerAnglesHint.y
      value: 0
      objectReference: {fileID: 0}
    - target: {fileID: 1099979277295645498, guid: 5f08d03c4a2df9842915294b98b12433, type: 3}
      propertyPath: m_LocalEulerAnglesHint.z
      value: 0
      objectReference: {fileID: 0}
    - target: {fileID: 1099979277295645499, guid: 5f08d03c4a2df9842915294b98b12433, type: 3}
      propertyPath: m_Name
      value: Slot (9)
      objectReference: {fileID: 0}
    m_RemovedComponents: []
  m_SourcePrefab: {fileID: 100100000, guid: 5f08d03c4a2df9842915294b98b12433, type: 3}
--- !u!224 &7518845439036966485 stripped
RectTransform:
  m_CorrespondingSourceObject: {fileID: 1099979277295645498, guid: 5f08d03c4a2df9842915294b98b12433, type: 3}
  m_PrefabInstance: {fileID: 7429715921744311663}
  m_PrefabAsset: {fileID: 0}
--- !u!114 &8631641813692210211 stripped
MonoBehaviour:
  m_CorrespondingSourceObject: {fileID: 1212144754899970380, guid: 5f08d03c4a2df9842915294b98b12433, type: 3}
  m_PrefabInstance: {fileID: 7429715921744311663}
  m_PrefabAsset: {fileID: 0}
  m_GameObject: {fileID: 0}
  m_Enabled: 1
  m_EditorHideFlags: 0
  m_Script: {fileID: 11500000, guid: 2d0f765759b3b6a409c9428e61e670e7, type: 3}
  m_Name: 
  m_EditorClassIdentifier: 
--- !u!1001 &7741730045313199661
PrefabInstance:
  m_ObjectHideFlags: 0
  serializedVersion: 2
  m_Modification:
    m_TransformParent: {fileID: 7220342390044881508}
    m_Modifications:
    - target: {fileID: 1099979277295645497, guid: 5f08d03c4a2df9842915294b98b12433, type: 3}
      propertyPath: m_Type
      value: 0
      objectReference: {fileID: 0}
    - target: {fileID: 1099979277295645497, guid: 5f08d03c4a2df9842915294b98b12433, type: 3}
      propertyPath: m_Sprite
      value: 
      objectReference: {fileID: 10907, guid: 0000000000000000f000000000000000, type: 0}
    - target: {fileID: 1099979277295645497, guid: 5f08d03c4a2df9842915294b98b12433, type: 3}
      propertyPath: m_Maskable
      value: 1
      objectReference: {fileID: 0}
    - target: {fileID: 1099979277295645497, guid: 5f08d03c4a2df9842915294b98b12433, type: 3}
      propertyPath: m_RaycastTarget
      value: 0
      objectReference: {fileID: 0}
    - target: {fileID: 1099979277295645497, guid: 5f08d03c4a2df9842915294b98b12433, type: 3}
      propertyPath: m_PreserveAspect
      value: 1
      objectReference: {fileID: 0}
    - target: {fileID: 1099979277295645498, guid: 5f08d03c4a2df9842915294b98b12433, type: 3}
      propertyPath: m_Pivot.x
      value: 0.5
      objectReference: {fileID: 0}
    - target: {fileID: 1099979277295645498, guid: 5f08d03c4a2df9842915294b98b12433, type: 3}
      propertyPath: m_Pivot.y
      value: 0.5
      objectReference: {fileID: 0}
    - target: {fileID: 1099979277295645498, guid: 5f08d03c4a2df9842915294b98b12433, type: 3}
      propertyPath: m_RootOrder
      value: 0
      objectReference: {fileID: 0}
    - target: {fileID: 1099979277295645498, guid: 5f08d03c4a2df9842915294b98b12433, type: 3}
      propertyPath: m_AnchorMax.x
      value: 0
      objectReference: {fileID: 0}
    - target: {fileID: 1099979277295645498, guid: 5f08d03c4a2df9842915294b98b12433, type: 3}
      propertyPath: m_AnchorMax.y
      value: 0
      objectReference: {fileID: 0}
    - target: {fileID: 1099979277295645498, guid: 5f08d03c4a2df9842915294b98b12433, type: 3}
      propertyPath: m_AnchorMin.x
      value: 0
      objectReference: {fileID: 0}
    - target: {fileID: 1099979277295645498, guid: 5f08d03c4a2df9842915294b98b12433, type: 3}
      propertyPath: m_AnchorMin.y
      value: 0
      objectReference: {fileID: 0}
    - target: {fileID: 1099979277295645498, guid: 5f08d03c4a2df9842915294b98b12433, type: 3}
      propertyPath: m_SizeDelta.x
      value: 0
      objectReference: {fileID: 0}
    - target: {fileID: 1099979277295645498, guid: 5f08d03c4a2df9842915294b98b12433, type: 3}
      propertyPath: m_SizeDelta.y
      value: 220
      objectReference: {fileID: 0}
    - target: {fileID: 1099979277295645498, guid: 5f08d03c4a2df9842915294b98b12433, type: 3}
      propertyPath: m_LocalPosition.x
      value: 0
      objectReference: {fileID: 0}
    - target: {fileID: 1099979277295645498, guid: 5f08d03c4a2df9842915294b98b12433, type: 3}
      propertyPath: m_LocalPosition.y
      value: 0
      objectReference: {fileID: 0}
    - target: {fileID: 1099979277295645498, guid: 5f08d03c4a2df9842915294b98b12433, type: 3}
      propertyPath: m_LocalPosition.z
      value: 0
      objectReference: {fileID: 0}
    - target: {fileID: 1099979277295645498, guid: 5f08d03c4a2df9842915294b98b12433, type: 3}
      propertyPath: m_LocalRotation.w
      value: 1
      objectReference: {fileID: 0}
    - target: {fileID: 1099979277295645498, guid: 5f08d03c4a2df9842915294b98b12433, type: 3}
      propertyPath: m_LocalRotation.x
      value: -0
      objectReference: {fileID: 0}
    - target: {fileID: 1099979277295645498, guid: 5f08d03c4a2df9842915294b98b12433, type: 3}
      propertyPath: m_LocalRotation.y
      value: -0
      objectReference: {fileID: 0}
    - target: {fileID: 1099979277295645498, guid: 5f08d03c4a2df9842915294b98b12433, type: 3}
      propertyPath: m_LocalRotation.z
      value: -0
      objectReference: {fileID: 0}
    - target: {fileID: 1099979277295645498, guid: 5f08d03c4a2df9842915294b98b12433, type: 3}
      propertyPath: m_AnchoredPosition.x
      value: 0
      objectReference: {fileID: 0}
    - target: {fileID: 1099979277295645498, guid: 5f08d03c4a2df9842915294b98b12433, type: 3}
      propertyPath: m_AnchoredPosition.y
      value: 0
      objectReference: {fileID: 0}
    - target: {fileID: 1099979277295645498, guid: 5f08d03c4a2df9842915294b98b12433, type: 3}
      propertyPath: m_LocalEulerAnglesHint.x
      value: 0
      objectReference: {fileID: 0}
    - target: {fileID: 1099979277295645498, guid: 5f08d03c4a2df9842915294b98b12433, type: 3}
      propertyPath: m_LocalEulerAnglesHint.y
      value: 0
      objectReference: {fileID: 0}
    - target: {fileID: 1099979277295645498, guid: 5f08d03c4a2df9842915294b98b12433, type: 3}
      propertyPath: m_LocalEulerAnglesHint.z
      value: 0
      objectReference: {fileID: 0}
    - target: {fileID: 1099979277295645499, guid: 5f08d03c4a2df9842915294b98b12433, type: 3}
      propertyPath: m_Name
      value: Slot
      objectReference: {fileID: 0}
    m_RemovedComponents: []
  m_SourcePrefab: {fileID: 100100000, guid: 5f08d03c4a2df9842915294b98b12433, type: 3}
--- !u!224 &7220342391107214615 stripped
RectTransform:
  m_CorrespondingSourceObject: {fileID: 1099979277295645498, guid: 5f08d03c4a2df9842915294b98b12433, type: 3}
  m_PrefabInstance: {fileID: 7741730045313199661}
  m_PrefabAsset: {fileID: 0}
--- !u!114 &8908754816389793633 stripped
MonoBehaviour:
  m_CorrespondingSourceObject: {fileID: 1212144754899970380, guid: 5f08d03c4a2df9842915294b98b12433, type: 3}
  m_PrefabInstance: {fileID: 7741730045313199661}
  m_PrefabAsset: {fileID: 0}
  m_GameObject: {fileID: 0}
  m_Enabled: 1
  m_EditorHideFlags: 0
  m_Script: {fileID: 11500000, guid: 2d0f765759b3b6a409c9428e61e670e7, type: 3}
  m_Name: 
  m_EditorClassIdentifier: 
--- !u!1001 &8118940692906162322
PrefabInstance:
  m_ObjectHideFlags: 0
  serializedVersion: 2
  m_Modification:
    m_TransformParent: {fileID: 7220342390044881508}
    m_Modifications:
    - target: {fileID: 1099979277295645497, guid: 5f08d03c4a2df9842915294b98b12433, type: 3}
      propertyPath: m_Type
      value: 0
      objectReference: {fileID: 0}
    - target: {fileID: 1099979277295645497, guid: 5f08d03c4a2df9842915294b98b12433, type: 3}
      propertyPath: m_Sprite
      value: 
      objectReference: {fileID: 10907, guid: 0000000000000000f000000000000000, type: 0}
    - target: {fileID: 1099979277295645497, guid: 5f08d03c4a2df9842915294b98b12433, type: 3}
      propertyPath: m_Maskable
      value: 1
      objectReference: {fileID: 0}
    - target: {fileID: 1099979277295645497, guid: 5f08d03c4a2df9842915294b98b12433, type: 3}
      propertyPath: m_RaycastTarget
      value: 0
      objectReference: {fileID: 0}
    - target: {fileID: 1099979277295645497, guid: 5f08d03c4a2df9842915294b98b12433, type: 3}
      propertyPath: m_PreserveAspect
      value: 1
      objectReference: {fileID: 0}
    - target: {fileID: 1099979277295645498, guid: 5f08d03c4a2df9842915294b98b12433, type: 3}
      propertyPath: m_Pivot.x
      value: 0.5
      objectReference: {fileID: 0}
    - target: {fileID: 1099979277295645498, guid: 5f08d03c4a2df9842915294b98b12433, type: 3}
      propertyPath: m_Pivot.y
      value: 0.5
      objectReference: {fileID: 0}
    - target: {fileID: 1099979277295645498, guid: 5f08d03c4a2df9842915294b98b12433, type: 3}
      propertyPath: m_RootOrder
      value: 8
      objectReference: {fileID: 0}
    - target: {fileID: 1099979277295645498, guid: 5f08d03c4a2df9842915294b98b12433, type: 3}
      propertyPath: m_AnchorMax.x
      value: 0
      objectReference: {fileID: 0}
    - target: {fileID: 1099979277295645498, guid: 5f08d03c4a2df9842915294b98b12433, type: 3}
      propertyPath: m_AnchorMax.y
      value: 0
      objectReference: {fileID: 0}
    - target: {fileID: 1099979277295645498, guid: 5f08d03c4a2df9842915294b98b12433, type: 3}
      propertyPath: m_AnchorMin.x
      value: 0
      objectReference: {fileID: 0}
    - target: {fileID: 1099979277295645498, guid: 5f08d03c4a2df9842915294b98b12433, type: 3}
      propertyPath: m_AnchorMin.y
      value: 0
      objectReference: {fileID: 0}
    - target: {fileID: 1099979277295645498, guid: 5f08d03c4a2df9842915294b98b12433, type: 3}
      propertyPath: m_SizeDelta.x
      value: 0
      objectReference: {fileID: 0}
    - target: {fileID: 1099979277295645498, guid: 5f08d03c4a2df9842915294b98b12433, type: 3}
      propertyPath: m_SizeDelta.y
      value: 220
      objectReference: {fileID: 0}
    - target: {fileID: 1099979277295645498, guid: 5f08d03c4a2df9842915294b98b12433, type: 3}
      propertyPath: m_LocalPosition.x
      value: 0
      objectReference: {fileID: 0}
    - target: {fileID: 1099979277295645498, guid: 5f08d03c4a2df9842915294b98b12433, type: 3}
      propertyPath: m_LocalPosition.y
      value: 0
      objectReference: {fileID: 0}
    - target: {fileID: 1099979277295645498, guid: 5f08d03c4a2df9842915294b98b12433, type: 3}
      propertyPath: m_LocalPosition.z
      value: 0
      objectReference: {fileID: 0}
    - target: {fileID: 1099979277295645498, guid: 5f08d03c4a2df9842915294b98b12433, type: 3}
      propertyPath: m_LocalRotation.w
      value: 1
      objectReference: {fileID: 0}
    - target: {fileID: 1099979277295645498, guid: 5f08d03c4a2df9842915294b98b12433, type: 3}
      propertyPath: m_LocalRotation.x
      value: -0
      objectReference: {fileID: 0}
    - target: {fileID: 1099979277295645498, guid: 5f08d03c4a2df9842915294b98b12433, type: 3}
      propertyPath: m_LocalRotation.y
      value: -0
      objectReference: {fileID: 0}
    - target: {fileID: 1099979277295645498, guid: 5f08d03c4a2df9842915294b98b12433, type: 3}
      propertyPath: m_LocalRotation.z
      value: -0
      objectReference: {fileID: 0}
    - target: {fileID: 1099979277295645498, guid: 5f08d03c4a2df9842915294b98b12433, type: 3}
      propertyPath: m_AnchoredPosition.x
      value: 0
      objectReference: {fileID: 0}
    - target: {fileID: 1099979277295645498, guid: 5f08d03c4a2df9842915294b98b12433, type: 3}
      propertyPath: m_AnchoredPosition.y
      value: 0
      objectReference: {fileID: 0}
    - target: {fileID: 1099979277295645498, guid: 5f08d03c4a2df9842915294b98b12433, type: 3}
      propertyPath: m_LocalEulerAnglesHint.x
      value: 0
      objectReference: {fileID: 0}
    - target: {fileID: 1099979277295645498, guid: 5f08d03c4a2df9842915294b98b12433, type: 3}
      propertyPath: m_LocalEulerAnglesHint.y
      value: 0
      objectReference: {fileID: 0}
    - target: {fileID: 1099979277295645498, guid: 5f08d03c4a2df9842915294b98b12433, type: 3}
      propertyPath: m_LocalEulerAnglesHint.z
      value: 0
      objectReference: {fileID: 0}
    - target: {fileID: 1099979277295645499, guid: 5f08d03c4a2df9842915294b98b12433, type: 3}
      propertyPath: m_Name
      value: Slot (8)
      objectReference: {fileID: 0}
    m_RemovedComponents: []
  m_SourcePrefab: {fileID: 100100000, guid: 5f08d03c4a2df9842915294b98b12433, type: 3}
--- !u!114 &6953033014771765726 stripped
MonoBehaviour:
  m_CorrespondingSourceObject: {fileID: 1212144754899970380, guid: 5f08d03c4a2df9842915294b98b12433, type: 3}
  m_PrefabInstance: {fileID: 8118940692906162322}
  m_PrefabAsset: {fileID: 0}
  m_GameObject: {fileID: 0}
  m_Enabled: 1
  m_EditorHideFlags: 0
  m_Script: {fileID: 11500000, guid: 2d0f765759b3b6a409c9428e61e670e7, type: 3}
  m_Name: 
  m_EditorClassIdentifier: 
--- !u!224 &9218777007882357672 stripped
RectTransform:
  m_CorrespondingSourceObject: {fileID: 1099979277295645498, guid: 5f08d03c4a2df9842915294b98b12433, type: 3}
  m_PrefabInstance: {fileID: 8118940692906162322}
  m_PrefabAsset: {fileID: 0}
--- !u!1001 &8419579456006058417
PrefabInstance:
  m_ObjectHideFlags: 0
  serializedVersion: 2
  m_Modification:
    m_TransformParent: {fileID: 7220342390044881508}
    m_Modifications:
    - target: {fileID: 1099979277295645497, guid: 5f08d03c4a2df9842915294b98b12433, type: 3}
      propertyPath: m_Type
      value: 0
      objectReference: {fileID: 0}
    - target: {fileID: 1099979277295645497, guid: 5f08d03c4a2df9842915294b98b12433, type: 3}
      propertyPath: m_Sprite
      value: 
      objectReference: {fileID: 10907, guid: 0000000000000000f000000000000000, type: 0}
    - target: {fileID: 1099979277295645497, guid: 5f08d03c4a2df9842915294b98b12433, type: 3}
      propertyPath: m_Maskable
      value: 1
      objectReference: {fileID: 0}
    - target: {fileID: 1099979277295645497, guid: 5f08d03c4a2df9842915294b98b12433, type: 3}
      propertyPath: m_RaycastTarget
      value: 0
      objectReference: {fileID: 0}
    - target: {fileID: 1099979277295645497, guid: 5f08d03c4a2df9842915294b98b12433, type: 3}
      propertyPath: m_PreserveAspect
      value: 1
      objectReference: {fileID: 0}
    - target: {fileID: 1099979277295645498, guid: 5f08d03c4a2df9842915294b98b12433, type: 3}
      propertyPath: m_Pivot.x
      value: 0.5
      objectReference: {fileID: 0}
    - target: {fileID: 1099979277295645498, guid: 5f08d03c4a2df9842915294b98b12433, type: 3}
      propertyPath: m_Pivot.y
      value: 0.5
      objectReference: {fileID: 0}
    - target: {fileID: 1099979277295645498, guid: 5f08d03c4a2df9842915294b98b12433, type: 3}
      propertyPath: m_RootOrder
      value: 7
      objectReference: {fileID: 0}
    - target: {fileID: 1099979277295645498, guid: 5f08d03c4a2df9842915294b98b12433, type: 3}
      propertyPath: m_AnchorMax.x
      value: 0
      objectReference: {fileID: 0}
    - target: {fileID: 1099979277295645498, guid: 5f08d03c4a2df9842915294b98b12433, type: 3}
      propertyPath: m_AnchorMax.y
      value: 0
      objectReference: {fileID: 0}
    - target: {fileID: 1099979277295645498, guid: 5f08d03c4a2df9842915294b98b12433, type: 3}
      propertyPath: m_AnchorMin.x
      value: 0
      objectReference: {fileID: 0}
    - target: {fileID: 1099979277295645498, guid: 5f08d03c4a2df9842915294b98b12433, type: 3}
      propertyPath: m_AnchorMin.y
      value: 0
      objectReference: {fileID: 0}
    - target: {fileID: 1099979277295645498, guid: 5f08d03c4a2df9842915294b98b12433, type: 3}
      propertyPath: m_SizeDelta.x
      value: 0
      objectReference: {fileID: 0}
    - target: {fileID: 1099979277295645498, guid: 5f08d03c4a2df9842915294b98b12433, type: 3}
      propertyPath: m_SizeDelta.y
      value: 220
      objectReference: {fileID: 0}
    - target: {fileID: 1099979277295645498, guid: 5f08d03c4a2df9842915294b98b12433, type: 3}
      propertyPath: m_LocalPosition.x
      value: 0
      objectReference: {fileID: 0}
    - target: {fileID: 1099979277295645498, guid: 5f08d03c4a2df9842915294b98b12433, type: 3}
      propertyPath: m_LocalPosition.y
      value: 0
      objectReference: {fileID: 0}
    - target: {fileID: 1099979277295645498, guid: 5f08d03c4a2df9842915294b98b12433, type: 3}
      propertyPath: m_LocalPosition.z
      value: 0
      objectReference: {fileID: 0}
    - target: {fileID: 1099979277295645498, guid: 5f08d03c4a2df9842915294b98b12433, type: 3}
      propertyPath: m_LocalRotation.w
      value: 1
      objectReference: {fileID: 0}
    - target: {fileID: 1099979277295645498, guid: 5f08d03c4a2df9842915294b98b12433, type: 3}
      propertyPath: m_LocalRotation.x
      value: -0
      objectReference: {fileID: 0}
    - target: {fileID: 1099979277295645498, guid: 5f08d03c4a2df9842915294b98b12433, type: 3}
      propertyPath: m_LocalRotation.y
      value: -0
      objectReference: {fileID: 0}
    - target: {fileID: 1099979277295645498, guid: 5f08d03c4a2df9842915294b98b12433, type: 3}
      propertyPath: m_LocalRotation.z
      value: -0
      objectReference: {fileID: 0}
    - target: {fileID: 1099979277295645498, guid: 5f08d03c4a2df9842915294b98b12433, type: 3}
      propertyPath: m_AnchoredPosition.x
      value: 0
      objectReference: {fileID: 0}
    - target: {fileID: 1099979277295645498, guid: 5f08d03c4a2df9842915294b98b12433, type: 3}
      propertyPath: m_AnchoredPosition.y
      value: 0
      objectReference: {fileID: 0}
    - target: {fileID: 1099979277295645498, guid: 5f08d03c4a2df9842915294b98b12433, type: 3}
      propertyPath: m_LocalEulerAnglesHint.x
      value: 0
      objectReference: {fileID: 0}
    - target: {fileID: 1099979277295645498, guid: 5f08d03c4a2df9842915294b98b12433, type: 3}
      propertyPath: m_LocalEulerAnglesHint.y
      value: 0
      objectReference: {fileID: 0}
    - target: {fileID: 1099979277295645498, guid: 5f08d03c4a2df9842915294b98b12433, type: 3}
      propertyPath: m_LocalEulerAnglesHint.z
      value: 0
      objectReference: {fileID: 0}
    - target: {fileID: 1099979277295645499, guid: 5f08d03c4a2df9842915294b98b12433, type: 3}
      propertyPath: m_Name
      value: Slot (7)
      objectReference: {fileID: 0}
    m_RemovedComponents: []
  m_SourcePrefab: {fileID: 100100000, guid: 5f08d03c4a2df9842915294b98b12433, type: 3}
--- !u!114 &7208642131974461693 stripped
MonoBehaviour:
  m_CorrespondingSourceObject: {fileID: 1212144754899970380, guid: 5f08d03c4a2df9842915294b98b12433, type: 3}
  m_PrefabInstance: {fileID: 8419579456006058417}
  m_PrefabAsset: {fileID: 0}
  m_GameObject: {fileID: 0}
  m_Enabled: 1
  m_EditorHideFlags: 0
  m_Script: {fileID: 11500000, guid: 2d0f765759b3b6a409c9428e61e670e7, type: 3}
  m_Name: 
  m_EditorClassIdentifier: 
--- !u!224 &8906910304501596811 stripped
RectTransform:
  m_CorrespondingSourceObject: {fileID: 1099979277295645498, guid: 5f08d03c4a2df9842915294b98b12433, type: 3}
  m_PrefabInstance: {fileID: 8419579456006058417}
  m_PrefabAsset: {fileID: 0}
